3694 5582
1187 489 1256 544 de
1292 491 1664 547 ecclesiastica
1695 490 1979 560 theologia
2014 491 2065 544 11
2102 493 2181 546 19.
2224 493 2305 548 20.
2940 498 3055 558 127

555 647 839 741 ἡγοῦμαι
899 661 1014 724 καὶ
1059 649 1270 724 αὐτὸν
1315 659 1638 741 ἐπιδεῖξαι
1699 650 1889 743 αύτῷ
1956 653 2043 724 τὰ
2106 649 2280 725 αὐτὰ
2340 672 2485 735 τοῖς
2545 659 3057 742 προειρημένοις

555 747 768 839 άγίοις
819 757 1133 840 λέγοντα·
1214 752 1610 838 »ἄκουσον,«
1679 761 1887 842 φησὶν
1954 750 2157 836 »λαός
2216 751 2363 841 μου,
2424 761 2537 823 καὶ
2582 751 2861 841 λαλήσω
2923 776 3056 825 σοι·

552 847 826 940 Ἰσραήλ,
885 858 997 922 καὶ
1058 851 1596 942 διαμαρτύρομαί
1655 877 1776 923 σοι.
1862 851 1983 924 ἐὰν
2026 849 2316 941 ἀκούσῃς
2368 881 2525 942 μου,
2583 850 2707 924 ούκ
2754 858 2937 925 ἔσται
2980 859 3054 926 ἐν

553 957 658 1020 σοὶ
703 948 866 1033 θεὸς
908 948 1328 1039 πρόσφατος,
1376 948 1534 1024 οῦδὲ
1577 951 2064 1042 προσκυνήσεις
2107 961 2254 1042 θεῷ
2298 949 2661 1042 ἀλλοτρίῳ.
2747 955 2881 1042 ἐγώ
2927 951 3054 1042 γάρ
3089 961 3153 1012 21

355 1064 389 1115 5
554 1056 684 1139 εἰμι
723 1049 958 1138 κύριος
1002 1045 1041 1121 6
1088 1049 1252 1134 θεός
1295 1075 1484 1123 σουι.
1527 1046 1566 1122 6
1599 1048 1816 1123 αὐτὸν
1845 1053 2223 1135 ἐπιδεικνὺς
2262 1060 2376 1123 καὶ
2407 1059 2627 1140 λέγων
2660 1053 2828 1141 »ἐγώ
2859 1061 3053 1141 εἰμιι.

555 1147 638 1222 ού
679 1147 888 1238 δῆλός
930 1154 1116 1222 ἐστιν
1173 1153 1292 1223 ἕνα
1336 1150 1508 1222 θεὸν
1551 1147 1770 1240 μόνον
1831 1153 2007 1224 εἶναι
2066 1157 2314 1239 λέγων,
2377 1159 2736 1224 τουτέστιν
2780 1149 3056 1236 ἓαυτόν,·

593 1256 680 1322 20
721 1256 940 1321 ταῦτα
981 1247 1214 1321 πάντα
1256 1247 1660 1340 Μάρκελλος
1701 1259 1816 1321 καὶ
1860 1253 1962 1322 ἔτι
2008 1250 2285 1322 τούτων
2327 1259 2613 1323 πλείονα
2643 1255 2754 1323 ἐπὶ
2781 1247 3058 1340 ἀρνήσει
3093 1273 3183 1330 διὰ
3218 1295 3271 1330 τι
3262 1275 3422 1330 Μω

427 1354 555 1420 τοῦ
596 1352 749 1419 υἱοῦ
794 1356 921 1420 τοῦ
966 1357 1136 1421 θεοῦ
1190 1347 1575 1440 συνεφόρει,
1639 1346 1722 1422 δι’
1788 1345 2424 1441 ἀνεπιστημοσύνην
2480 1349 2561 1424 ού
2613 1349 3051 1440 λογισάμενος
3090 1341 3426 1465 σ”ῑῗςοκὲζαῖἶ

425 1442 539 1519 ότι
579 1446 754 1538 πρὸς
797 1448 929 1538 τὴν
983 1456 1522 1539 σκληροκαρδίαν
1585 1455 1710 1520 τοῦ
1751 1445 2090 1523 Ἰουδαίων
2150 1457 2319 1522 λαοῦ
2380 1447 2439 1571 ἦ.
2482 1450 2763 1539 τοιαύτη
2820 1446 3054 1534 αὐτοῖς
3089 1430 3424 1548 οὐργῖΖῶς

321 1565 390 1619 10
423 1557 784 1638 παρείχετο
829 1554 1238 1620 διδασκαλία.
1325 1546 1480 1620 οὐδὲ
1526 1549 1650 1640 γὰρ
1695 1547 1844 1621 οἶόν
1889 1579 1963 1622 τε
2006 1541 2093 1638 ἦν
2139 1551 2221 1622 τὸ
2264 1557 2531 1640 πνεῦμα
2575 1550 2656 1622 τὸ
2703 1543 2897 1638 άγιον
2942 1550 3050 1623 διὰ
3086 1546 3423 1669 πῆξῗέιζέῗν

427 1657 576 1720 τῶν
618 1653 1010 1737 προφητῶν
1072 1654 1200 1719 τοῦ
1260 1653 1431 1720 θεοῦ
1491 1645 1897 1740 ἀνθρώποις
1956 1646 2265 1721 ἀτελέσιν
2326 1651 2450 1734 τὰς
2506 1654 2758 1738 φρένας
2811 1654 3047 1740 ἐντελῆ
3118 1683 3222 1749 τὴν
3258 1634 3396 1752 περῗ

423 1754 850 1833 παραδοῦναι
894 1744 1022 1817 τὸν
1067 1752 1190 1836 τῆς
1232 1755 1616 1833 θεοσεβείας
1661 1745 1889 1836 λόγον.
1962 1743 2149 1822 ου’τω
2181 1755 2350 1838 γοῦν
2392 1746 2624 1833 αύτοῑς
2665 1757 2775 1822 καὶ
2804 1759 3048 1832 θυσίας
3083 1767 3116 1819 2
3150 1773 3252 1821 τοῦ
3294 1763 3419 1820 υἱοῦ

423 1851 764 1918 ἐπιτελεῖν
809 1849 1210 1934 ἐνομοθέτει
1251 1854 1364 1916 καὶ
1377 1846 1724 1970 ,σώματος
1765 1848 2145 1938 περιτομὴν
2194 1856 2305 1920 καὶ
2350 1847 2689 1936 σαββάτου
2732 1849 3049 1938 φυλακὴν
3088 1851 3419 1920 θεολογίαν·

409 1953 532 2016 καὶ
579 1951 860 2018 τοιωνδὶ
905 1944 1293 2035 βρωμάτων
1354 1943 1620 2036 ἀποχὴν
1677 1956 1790 2018 καὶ
1847 1946 2191 2035 καθάρσια
2251 1946 2599 2038 σωμάτων
2658 1947 3047 2037 σωματικάς

320 2067 386 2119 15
425 2076 500 2118 τε
545 2042 883 2134 εὐλογίας,
933 2054 1043 2117 ναὶ
1085 2045 1220 2135 μὴν
1263 2053 1374 2116 καὶ
1419 2052 1539 2135 γῆς
1583 2045 1865 2137 ῥεούσης
1913 2045 2121 2135 »γάλα
2160 2055 2272 2120 καὶ
2314 2055 2498 2138 μέλι(
2550 2045 2697 2121 ἀλλ’
2744 2045 2827 2122 ού
2868 2058 3047 2135 βασι-

421 2153 609 2227 λείας
653 2142 973 2235 οὐρανῶν
1017 2150 1429 2234 ἐπαγγελίας.
1517 2139 1555 2216 6
1603 2151 1676 2216 δὲ
1719 2146 1952 2237 σωτὴρ
1994 2155 2107 2219 καὶ
2151 2146 2381 2236 κύριος
2426 2144 2621 2238 ήμῶν
2675 2154 3046 2238 ἐρωτηθεὶς

421 2253 577 2327 πῶς
617 2249 928 2329 Μωσέως
969 2242 1487 2333 προστάξαντος
1531 2241 1798 2316 διδόναι
1839 2253 2103 2330 βιβλίον
2134 2243 2555 2319 ἀποστασίου
2580 2255 2693 2318 καὶ
2723 2245 3049 2321 ἀπολύειν

421 2345 552 2434 τὴν
614 2345 864 2416 ἑαυτοῦ
924 2364 1209 2435 γυναῖκα
1252 2344 1381 2416 τὸν
1423 2341 1845 2434 βουλόμενον
1889 2341 2096 2427 αὐτὸς
2141 2342 2475 2418 τάναντία
2518 2345 2877 2420 διατάττοι
2919 2351 3047 2420 τὸν

419 2441 634 2532 λόγον
685 2442 1043 2516 ἀπέδωκεν
1095 2441 1479 2515 καθολικόν
1541 2443 1760 2534 φήσας
1827 2474 1853 2507 ›
1864 2451 2117 2534 Μωσῆς
2175 2446 2353 2532 πρὸς
2411 2453 2521 2520 '72¹'
2567 2448 2696 2536 τὴν
2764 2455 3045 2536 σκληρο-

312 2561 381 2616 20
417 2550 707 2630 καρδίαν
749 2540 944 2633 υμῶν
989 2547 1306 2632 ἔγραψεν·
1381 2538 1498 2614 ἀπ’
1559 2539 1765 2633 ἀρχῆς
1825 2549 1897 2614 δὲ
1958 2541 2040 2616 ού
2091 2551 2369 2634 γέγονεν
2422 2541 2701 2629 ου’τωςε.
2788 2543 3045 2619 ταύτόν
3078 2562 3111 2616 3

421 2647 546 2716 οὐν
588 2645 778 2716 εἶπεν
822 2673 908 2714 αν
949 2653 1062 2713 καὶ
1115 2647 1175 2714 εἴ
1224 2672 1329 2724 τις
1369 2638 1603 2730 ἤρετο,
1666 2651 1736 2715 τί
1789 2641 2047 2732 δήποτε
2110 2645 2282 2717 θεὸν
2343 2648 2460 2716 ἕνα
2502 2653 2716 2731 σέβειν
2757 2675 3044 2734 παρακε-

419 2739 774 2834 λευόμενοι
817 2748 1067 2832 Μωσῆς
1109 2749 1224 2814 καὶ
1269 2746 1335 2814 οἱ
1375 2737 1517 2830 μετ’
1565 2737 1778 2815 αὐτὸν
1821 2750 2178 2835 προφῆται
2231 2742 2355 2817 ούκ
2399 2750 2751 2820 ἐδίδασκον
2794 2743 3043 2831 αὐτοὺς

420 2842 552 2932 τὴν
593 2850 748 2930 περὶ
793 2850 920 2915 τοῦ
961 2847 1112 2915 υιοῦ
1165 2850 1442 2929 γνῶσιν·
1516 2838 1599 2913 ού
1658 2843 1786 2931 γὰρ
1840 2845 1975 2915 οἶοί
2016 2874 2091 2916 τε
2134 2838 2303 2934 ἦσαν
2344 2850 2411 2916 οἱ
2453 2853 2748 2935 συνεχῶς
2791 2844 3040 2935 ἀπαγό-

418 2970 614 3031 μενοι
658 2950 744 3031 τῇ
781 2948 1110 3032 πολυθέῳ
1152 2940 1380 3029 πλάνῃ
1427 2940 1556 3030 τὴν
1599 2940 2035 3033 εὖαγγελικὴν
2076 2950 2573 3032 παραδέχεσθαι
2610 2943 2821 3034 χάριν.
2869 2952 2876 3033 Ι
2934 2946 3038 3018 διὸ
3080 2958 3191 3015 185

311 3060 382 3114 25
417 3040 594 3129 πρὸς
656 3041 789 3131 τὴν
849 3048 1386 3131 σκληροκαρδίαν
1448 3038 1684 3113 αύτῶν
1742 3042 1873 3132 τῆν
1930 3052 2085 3131 περὶ
2148 3043 2297 3128 ἑνὸς
2368 3051 2540 3115 θεοῦ
2610 3053 3042 3119 διδασκαλίαν

420 3146 810 3225 ἐποιοῦντο,
856 3146 1027 3223 τέως
1069 3146 1671 3229 παιδαγωγοῦντες
1712 3141 1963 3227 αὐτούς
2006 3143 2113 3215 διὰ
2158 3151 2284 3214 τοῦ
2314 3140 2724 3231 ἀποτρέπειν
2752 3153 2875 3233 μὲν
2912 3153 3041 3219 τοῦ

416 3240 722 3320 πολλοὺς
767 3241 940 3311 εἶναι
983 3248 1278 3329 νομίζειν
1307 3242 1515 3324 θεοὺς
1557 3240 1831 3331 ἐπάγειν
1875 3248 1946 3313 δὲ
1989 3248 2099 3314 ἐπὶ
2144 3242 2274 3331 τὴν
2303 3243 2677 3333 εἰσαγωγὴν
2716 3253 2841 3316 τοῦ
2870 3243 3039 3329 ἑνός.

420 3333 610 3410 οὕτω
656 3346 728 3411 δὲ
771 3346 1027 3429 Μωσῆς
1072 3334 1280 3429 ἀτελῆ
1344 3342 1474 3430 τὴν
1527 3347 1963 3413 διδασκαλίαν
2017 3360 2161 3424 τοῖς
2213 3338 2364 3413 κατ’
2411 3339 2625 3415 αὐτὸν
2674 3351 3039 3431 παρεδίδου
3070 3359 3106 3409 4

421 3438 529 3510 διὰ
585 3438 667 3511 τὸ
723 3437 957 3521 ἀτελὲς
1015 3436 1252 3511 αὐτῶν
1306 3446 1429 3529 τῆς
1483 3438 1908 3531 φρονήσεως,
1974 3438 2069 3523 ῶς
2128 3448 2453 3530 μηδεμίαν
2513 3439 2726 3513 αὐτὸν
2771 3441 3041 3534 μνήμην

314 3554 386 3608 30
419 3536 834 3629 ποιήσασθαι
881 3534 1189 3627 ἀγγέλων
1232 3548 1520 3622 κτίσεως
1562 3545 1638 3611 ἐν
1691 3548 1792 3631 τῷ
1849 3547 1973 3631 τῆς
2032 3549 2477 3629 κοσμοποιίας
2540 3541 2751 3632 λόγῳ,
2816 3551 3039 3617 καίτοι

419 3646 568 3709 τῶν
609 3636 779 3726 μετὰ
811 3646 1028 3711 ταῦτα
1056 3645 1444 3728 προφητῶν
1482 3636 1564 3712 ού
1591 3638 1807 3730 μόνον
1838 3637 2145 3730 ἀγγέλων
2174 3640 2816 3729 μνημονευσάντων,
2864 3640 3037 3715 ἀλλὰ

419 3744 528 3807 καὶ
590 3744 808 3809 θείων
869 3734 1221 3827 δυνάμεων
1281 3746 1394 3809 καὶ
1453 3738 1870 3826 πνευμάτων
1930 3736 2146 3827 ἀγίων
2207 3749 2355 3812 τῶν
2408 3771 2481 3811 τε
2525 3738 3039 3830 ύπερουρανίων

419 3842 588 3907 θεοῦ
634 3844 1073 3926 λειτουργῶν,
1118 3844 1272 3925 περὶ
1317 3830 1421 3909 ῶν
1466 3834 1504 3909 6
1538 3840 1789 3929 Δανιὴλ
1835 3838 2174 3912 διδάσκων
2216 3841 2444 3929 ἔλεγεν
2480 3849 2716 3929 ὶχίλιαι
2746 3842 3037 3928 χιλιάδες

417 3935 895 4025 ἐλειτούργουν
937 3934 1156 4026 αύτῷ,
1217 3944 1330 4007 καὶ
1373 3937 1602 4028 μύριαι
1659 3935 1972 4029 μυριάδες
2030 3936 2592 4029 παρειστήκεισαν
2653 3944 3037 4027 ἔμπροσθεν

587 4157 624 4213 2
662 4157 748 4211 Ps.
785 4158 868 4225 80,
904 4159 1072 4212 9-11
1109 4187 1174 4197 —
1211 4158 1248 4212 5
1287 4158 1372 4212 Ps.
1409 4160 1491 4227 80,
1529 4162 1591 4213 11
1621 4188 1683 4198 -
1716 4159 1814 4214 11.
1850 4158 1924 4215 28
1960 4159 2073 4227 vgl.
2109 4158 2794 4225 S.143,28.152‚5ff—15
2815 4162 3036 4228 E1.3,8

415 4276 466 4311 u.
503 4264 552 4311 δ.
589 4287 657 4298 -
706 4258 848 4314 loir
875 4258 1075 4312 Matth.
1113 4259 1194 4322 19,
1233 4262 1261 4313 7
1299 4289 1366 4296 —
1405 4259 1481 4315 19
1518 4260 1716 4314 Matth.
1753 4262 1833 4323 19,
1870 4262 1921 4317 8.
1990 4260 2165 4314 Mark.
2204 4262 2284 4327 10,
2322 4264 2354 4315 5
2389 4292 2456 4299 —
2493 4263 2570 4316 88
2606 4262 2744 4317 Dan.
2784 4266 2833 4328 7,
2870 4263 2936 4317 10
2973 4258 3034 4318 θ’

587 4458 624 4514 ὅ
663 4456 838 4514 αὐτὸν
863 4460 913 4513 V
960 4460 970 4527 Ι
1019 4458 1138 4515 18Ῐ
1165 4459 1202 4512 1.
1239 4456 1595 4515 διατάττοιτο
1630 4460 1857 4530 λόγον’.)
1888 4462 1895 4527 Ι
1942 4460 2022 4515 20
2067 4455 2339 4531 ἔγραψεν]
2377 4459 2687 4533 ἐπέτρεψεν
2723 4458 2855 4531 ὑμῖν
2892 4460 3032 4518 ἀπο·

416 4562 578 4614 λῦσαι
611 4558 714 4623 τὰς
746 4568 1020 4630 γυναῖκας
1051 4555 1213 4627 ὑμῶν
1255 4560 1453 4615 Matth.
1492 4555 1746 4631 ἔγραψεν
1786 4559 1915 4629 ὑμῖν
1954 4564 2056 4630 τὴν
2092 4558 2325 4631 ἐντολὴν
2360 4562 2566 4632 ταύτην
2613 4565 2785 4619 Mark.
2852 4568 2862 4633 Ι
2951 4566 3026 4619 27

417 4656 639 4730 ἐνάγειν
675 4660 742 4728 V,
779 4678 916 4715 oorr.
951 4660 1022 4714 Kl
1089 4662 1098 4729 Ι
1164 4662 1242 4717 29
1281 4660 1454 4719 αὐτὸν
1491 4663 1568 4715 V2
1603 4662 1754 4737 αὐτῷ
1795 4665 1874 4715 V*
1940 4666 1948 4731 Ι
2014 4664 2091 4718 81
2129 4664 2329 4733 ταῦτα]
2368 4672 2573 4719 τοῦτον
2609 4678 2689 4719 mr
