3694 5582
1321 465 1516 522 contra.
1548 462 1873 518 Marcellum
1910 460 1963 516 ΙΙ
1996 463 2047 514 4.
2914 473 2993 533 55

501 625 694 702 οὕτω
737 659 888 712 πως
931 629 1150 700 είπῶν
1200 625 1382 700 »εἶτα
1427 624 1508 698 τὸ
1553 633 1776 710 τέλος,
1837 618 2011 698 ὅταν
2071 630 2423 715 παραδιδῷ
2481 624 2611 714 τὴν
2652 633 2997 711 βασιλείαν

503 737 606 820 τῷ
648 735 796 818 θεῷ
840 736 953 799 καὶ
993 733 1265 815 πατρία.

353 827 654 956 vo5wu3
694 825 848 918 μεθ’
893 828 1090 916 ἕτερα
1132 831 1422 915 ἐπιλέγει
3035 837 3101 892 13

503 933 642 1016 (Nr.
687 933 829 1018 106)
890 922 1142 1000 οὐκοῦν
1201 922 1286 998 οὗ
1345 921 1430 995 δι’
1475 921 1748 1010 ἑαυτόν,
1811 920 1985 996 ἀλλὰ
2031 918 2113 996 δι’
2160 921 2330 1014 ἡμᾶς
2376 925 2503 1014 τὴν
2548 921 2998 1014 ἀνθρωπίνην

303 1043 336 1095 5
505 1025 870 1117 ἀνείληφεν
911 1024 1140 1115 σάρκα.
1227 1031 1284 1097 εἰ
1326 1031 1398 1097 δὲ
1441 1021 1522 1097 δι’
1567 1021 1740 1115 ἡμᾶς
1789 1020 2183 1112 ἀνειληφὼς
2237 1033 2585 1112 φαίνεται,
2645 1022 2875 1096 πάντα
2927 1032 2999 1097 δὲ

503 1127 588 1200 τὰ
630 1123 790 1199 καθ’
837 1122 1008 1216 ἡμᾶς
1049 1134 1136 1216 τῇ
1183 1121 1396 1198 αὐτοῦ
1436 1131 1729 1216 προνοίᾳ
1779 1130 1893 1194 καὶ
1946 1126 2241 1216 ἐνεργείᾳ
2302 1128 2379 1195 ἐν
2440 1131 2543 1215 τῷ
2604 1133 2821 1215 καιρῷ
2879 1132 3000 1215 τῆς

499 1236 782 1316 κρίσεως
825 1232 1063 1309 τέλους
1106 1224 1437 1312 τεύξεται,
1504 1219 1734 1296 οῦκέτι
1795 1219 1951 1295 οῦδὲ
2004 1222 2257 1314 ταύτης
2308 1229 2432 1314 τῆς
2483 1227 2558 1294 ἐν
2600 1231 2781 1314 μέρει
2822 1237 3001 1314 βασι-

502 1335 684 1410 λείας
726 1328 915 1397 ἔσται
955 1332 1162 1415 χρεία.

373 1433 598 1499 ταῦτα
657 1422 1062 1514 Μάρκελλος
1121 1423 1366 1508 εῑπιόν,
1439 1425 1584 1494 εἶτα
1659 1419 2197 1514 συναισθόμενος
2268 1423 2515 1494 ἑαυτοῦ
2574 1428 2667 1505 είς
2728 1422 3001 1496 ἄτοπον

269 1543 338 1596 10
373 1520 928 1610 ἐκπεπτωκότος,
971 1530 1434 1613 προστίθησιν
1475 1540 1620 1605 τοῖς
1664 1528 2036 1612 εἰρημένοις
2084 1527 2301 1594 ταῦτα

502 1630 642 1714 (Nr.
677 1631 820 1712 107)
865 1629 926 1696 εἰ
968 1630 1043 1695 δέ
1085 1653 1188 1706 τις
1231 1629 1436 1709 λέγοι,
1480 1621 1590 1694 διὰ
1635 1628 1844 1696 τοῦτο
1893 1621 2023 1710 τὴν
2068 1616 2517 1710 ἀνθρωπίνην
2561 1619 2778 1745 σάρκα
2805 1619 3003 1711 ἀξίαν

502 1727 673 1797 εἶναι
716 1729 844 1798 τοῦ
886 1720 1115 1811 λόγου,
1162 1715 1272 1793 ὅτι
1315 1719 1424 1795 διὰ
1467 1727 1592 1810 τῆς
1633 1717 2069 1803 ἀναστάσεως
2109 1717 2469 1794 ἀθάνατον
2512 1718 2731 1813 αυτὴν
2774 1719 2997 1814 ἀπειρ·

503 1822 786 1914 γάσατο,
845 1823 1098 1944 γνώτω
1144 1815 1254 1894 ὅτι
1297 1818 1378 1893 οῦ
1420 1826 1590 1904 πᾶν,
1653 1813 1820 1907 ὅπερ
1867 1817 2252 1906 ἀθάνατον,
2290 1828 2528 1948 εςτοῦτο
2582 1821 2776 1909 ἄξιον
2815 1831 2999 1896 θεοῦ.

499 1932 748 2012 μείζων
790 1923 916 2012 γὰρ
958 1930 1070 1993 καὶ
1115 1917 1326 2010 αὐτῆς
1369 1927 1492 2010 τῆς
1535 1917 1917 2002 ἀθανασίας
1959 1915 1997 1990 ὁ
2041 1916 2224 2004 θεός,
2272 1915 2309 1990 ὁ
2342 1927 2425 2009 τῇ
2470 1921 2717 1994 εαυτοῦ
2759 1921 2999 2012 βουλή·
3036 1931 3103 1984 14

271 2041 335 2092 15
503 2049 604 2095 σει
645 2033 760 2095 καὶ
801 2022 890 2094 τὰ
932 2020 1022 2113 μὴ
1069 2049 1240 2093 οντα
1283 2015 1602 2093 ἀθάνατα
1653 2037 1883 2092 ποιεῖν
1942 2017 2329 2109 δυνάμενος.
2416 2012 2526 2092 ὅτι
2586 2027 2657 2093 δὲ
2719 2018 2804 2095 οὖ
2862 2029 3003 2096 πᾶν

505 2121 588 2194 τὸ
633 2117 992 2195 ἀθάνατον
1037 2116 1350 2210 ἡνῶσθαι
1391 2126 1538 2210 θεῷ
1585 2119 1780 2207 ἄξιον
1825 2117 2039 2208 δῆλόν
2086 2124 2231 2191 ἐστι
2284 2129 2395 2191 καὶ
2438 2116 2577 2192 ἀπὸ
2622 2127 2751 2193 τοῦ
2792 2118 3001 2213 ἀρχὰς

505 2229 616 2294 καὶ
659 2226 964 2310 ἐξουσίας
1005 2226 1116 2292 καὶ
1161 2214 1513 2308 ἀγγέλους·
1522 2224 1532 2308 Ι
1569 2215 1963 2301 ἀθανάτους
2008 2212 2218 2302 ὄντας
2260 2223 2469 2309 μηδὲν
2519 2226 2863 2310 διαφέρειν
2916 2229 3001 2311 τῇ
3036 2245 3117 2301 58

503 2320 782 2410 ἑνότητι
824 2326 950 2393 τοῦ
992 2325 1177 2392 θεοῦ.

377 2417 570 2494 ταῦτ’
619 2422 838 2492 είπών
889 2426 1003 2491 καὶ
1053 2415 1281 2509 ωσπερ
1325 2425 1419 2501 εἰς
1461 2415 1681 2504 βυθὸν
1713 2413 2057 2501 ἀτοπίαςε
2034 2418 2283 2490 εαυτὸν
2313 2417 2807 2490 ἐκπεπτωκότα
2852 2445 3000 2492 συν·
3036 2440 3103 2494 15

269 2541 342 2596 20
379 2517 792 2612 αισθόμενος
865 2515 1349 2592 ἀνακαλεῖσθαι
1419 2523 1764 2604 πειρᾶται,
1836 2513 2104 2604 τρόπον
2165 2516 2319 2591 τινὰ
2379 2517 3000 2610 ἐξομολογουμενος

378 2615 492 2693 ὅτι
535 2625 740 2709 μηδὲν
781 2615 1120 2710 ἠπίστατο
1169 2609 1270 2688 ῶν
1315 2619 1564 2706 έλεγεν·
1637 2615 1743 2690 διὸ
1787 2615 2022 2708 ἐπάγει
2064 2623 2286 2708 λέγων

123 2755 135 2762 ·
233 2717 249 2742 '
351 2727 412 2797 .'
395 2745 421 2777 4
459 2698 642 2809 )(Νι·.
677 2726 820 2807 108)
864 2725 924 2791 εἰ
968 2723 1044 2790 δέ
1083 2745 1188 2800 τις
1228 2723 1380 2806 περὶ
1427 2721 1548 2806 τῆς
1591 2715 1839 2808 σαρκὸς
1884 2717 2139 2809 ταύτης
2182 2724 2305 2810 τῆς
2347 2723 2421 2790 ἐν
2465 2724 2567 2809 τῷ
2611 2715 2797 2810 λόγῳ
2828 2715 2999 2793 ἀθα-

507 2817 722 2893 νάτου
763 2827 1114 2909 γεγονυίας
1155 2814 1610 2901 πυνθάνοιτο,
1657 2826 1728 2889 τί
1769 2846 1993 2910 φαμεν
2029 2818 2204 2907 πρὸς
2245 2815 2491 2905 αυτόν;
2535 2812 2645 2892 ὅτι
2690 2827 3001 2910 δογματί-

505 2931 643 3007 ζειν
685 2926 808 3009 μὲν
849 2916 1036 3010 ἡμεῖς
1077 2924 1231 3007 περὶ
1277 2908 1383 2989 ῶν
1423 2915 1513 3006 μὴ
1559 2914 1855 3007 ἀκριβῶς
1882 2917 2067 3008 παρὰ
2098 2924 2250 2989 τῶν
2276 2925 2493 2990 θείων
2519 2917 2999 3011 μεμαθήκαμεν

269 3040 338 3096 25
511 3026 798 3109 γραφῶν
842 3014 968 3090 οῦκ
1011 3013 1308 3104 ἀσφαλὲς
1351 3018 1525 3088 εἶναι
1568 3024 1945 3107 νομίζομεν.
2030 3024 2185 3101 πῶς
2236 3015 2361 3107 γὰρ
2413 3025 2625 3090 τοῦτο
2668 3016 2999 3108 πράττειν
3032 3032 3101 3089 16

503 3118 800 3191 δυνατὸν
845 3134 992 3199 τοῖς
1033 3123 1144 3187 καὶ
1189 3114 1276 3189 τὰ
1322 3118 1578 3207 ἑτέρων
1619 3112 2123 3207 ἀνατρέπουσιν
2158 3114 2496 3206 δόγματα,
2544 3114 2690 3189 ἀλλ’
2719 3122 2999 3209 ἐροῦμεν
3034 3135 3099 3188 17

501 3216 676 3306 πρὸς
718 3217 881 3301 τούς
924 3214 1052 3289 τὸν
1095 3210 1334 3306 ἀκριβῆ
1378 3223 1530 3303 περὶ
1573 3214 1832 3289 τούτου
1858 3226 2105 3302 μαθεῖν
2132 3213 2291 3307 ,νεαρ>
2324 3214 2519 3307 ἡμῶν
2546 3225 2998 3307 βουλομένους

503 3314 736 3407 λόγον,
791 3310 902 3389 ὅτι
942 3312 1348 3405 πειθόμενοι
1391 3323 1494 3407 τῶ
1539 3318 1697 3405 ίερῷ
1741 3312 2117 3404 ἀποστόλῳ
2162 3320 2347 3405 ισμεν
2392 3312 2501 3387 ὅτι
2546 3310 2769 3400 οὕτως
2827 3313 2999 3406 ἡμᾶς

501 3413 672 3507 ὁρᾶν
713 3416 801 3489 τὰ
845 3411 1399 3506 ἀποκεκρυμμένα
1441 3411 1772 3505 μυστήρια
1814 3414 2171 3506 προσήκει,
2232 3446 2329 3500 ως
2384 3412 2590 3499 αὐτὸς
2644 3420 2773 3505 ἔφη
2819 3421 2998 3499 »βλέ-

268 3536 336 3591 30
497 3544 724 3605 πομεν
764 3516 893 3605 γὰρ
937 3514 1129 3605 ἄρτια
1183 3520 1394 3605 φησὶν
1441 3510 1560 3587 »δι’
1603 3510 1947 3602 ἐσόπτρου
1988 3519 2065 3587 ἐν
2108 3522 2465 3605 αἰνίγματι,
2512 3512 2674 3586 τότε
2718 3519 2789 3585 δὲ
2830 3510 2996 3600 πρό-

501 3638 742 3688 σωπον
782 3613 956 3705 πρὸς
997 3613 1399 3706 πρόσωπον·
1445 3613 1604 3704 ἄρτι
1643 3613 2069 3703 γινώσκομεν
2112 3619 2188 3686 ἐκ
2229 3620 2491 3704 μέρους,
2534 3610 2697 3689 τότε
2741 3617 2814 3684 δὲ
2856 3617 2996 3684 ἐπι-

501 3712 908 3805 γνωσόμεθα
951 3716 1192 3797 καθώς
1234 3722 1348 3787 καὶ
1389 3713 1979 3803 ἐπεγνώσθημενι.
2067 3710 2245 3786 ὥστε
2300 3710 2389 3804 μή
2442 3742 2574 3803 μου
2629 3710 2997 3786 πυνθάνου

501 3822 656 3904 περὶ
699 3806 802 3887 ῶν
845 3821 1084 3903 σαφῶς
1127 3813 1312 3903 παρὰ
1343 3819 1464 3903 τῆς
1506 3821 1699 3897 θείας
1735 3818 2003 3904 γραφῆς
2044 3810 2135 3905 μὴ
2172 3810 2543 3904 μεμάθηκα.
2627 3811 2737 3885 διὰ
2782 3818 2995 3885 τοῦτο
3034 3826 3103 3883 18

502 3923 744 3987 τοίνυν
785 3910 941 3987 οῦδὲ
983 3923 1139 4003 περὶ
1182 3920 1306 4003 τῆς
1348 3921 1543 3997 θείας
1583 3917 1840 4003 ἐκείνης
1894 3919 2015 4001 τῆς
2070 3920 2172 4003 τῷ
2217 3919 2390 4004 θείῳ
2436 3910 2621 4003 λόγῳ
2667 3940 2999 4001 κοινωνη-

552 4137 584 4192 1
622 4136 648 4188 1
685 4136 811 4190 Kor.
850 4140 930 4204 15,
965 4136 1034 4191 24
1066 4166 1134 4176 —
1172 4137 1250 4192 29
1287 4136 1312 4189 1
1347 4136 1478 4191 Kor.
1515 4138 1598 4200 13,
1635 4137 1701 4192 12

556 4336 628 4391 16
661 4331 784 4391 ἐστι
817 4336 890 4391 ln
927 4330 1016 4392 ὅτι
1051 4334 1103 4391 V
1153 4338 1164 4405 1
1221 4337 1291 4392 17
1333 4333 1508 4405 μηδὲν
1542 4334 1624 4390 V*
1661 4334 1802 4405 μηδὲ
1837 4337 1917 4389 Vc
1972 4338 1983 4403 Ι
2034 4334 2322 4408 διαφέρειν
2358 4355 2384 4390 r
2427 4337 2723 4405 διαφορεϊν
2766 4335 2807 4387 V
2862 4336 2869 4401 Ι
2919 4334 2994 4389 21

379 4432 470 4493 ὅτι
493 4436 554 4490 in
582 4436 950 4494 Rum3Bb.
971 4438 1020 4491 V
1074 4440 1082 4505 Ι
1136 4437 1262 4494 211'
1277 4435 1460 4508 λέγων
1484 4436 1590 4505 (od.
1610 4429 1851 4508 λόγονῖ)
1876 4434 1931 4493 εἰ
1962 4435 2023 4492 δέ
2056 4455 2139 4503 τις
2174 4438 2307 4510 περὶ
2340 4438 2397 4492 in
2420 4438 2469 4491 V
2502 4436 2617 4491 fast
2649 4436 3003 4502 unleserlioh,

381 4540 528 4596 doeh
561 4539 676 4609 vgl.
710 4540 838 4595 and.
873 4539 950 4593 st„
1005 4542 1016 4609 Ι
1069 4540 1150 4597 24
1185 4536 1344 4611 παρὰ
1379 4539 1506 4593 and.
1543 4538 1620 4593 St.
1655 4540 1786 4611 περὶ
1822 4539 1872 4593 V
1924 4539 1935 4608 Ι
1990 4539 2220 4595 27-29
2257 4537 2487 4611 πρὸς-
2512 4534 3001 4609 ἀποκεκρυμμένα

381 4640 510 4699 and.
529 4638 633 4703 sm
667 4639 789 4695 hier
811 4640 886 4695 ist
907 4638 1055 4709 τοὺς,
1079 4638 1477 4713 βουλομένους,
1514 4635 1820 4713 ἀποστόλφ
1877 4636 2361 4713 ἀποκεκρυμμένα
2384 4640 2445 4693 in
2464 4640 2513 4693 V
2533 4638 2645 4694 fast
2666 4638 3001 4695 unloeerlich
