3694 5582
637 494 718 558 28
1827 489 2096 546 Eusebius

636 658 893 738 ἐστιν«;
937 650 1020 724 δι’
1067 646 1170 726 ὧν
1214 659 1581 739 δείκνυται,
1625 655 1868 737 καθώς
1911 651 2279 744 ἀρχόμενος
2330 655 2508 743 ἔφην
2558 659 2687 724 τοῦ
2728 649 3260 743 συγγράμματος,
3296 671 3373 726 48

635 757 708 840 ἐξ
755 749 1306 843 ὑπερβαλλούσης
1357 756 1606 844 ἔχθρας
1647 781 1727 826 τε
1776 761 1889 825 καὶ
1940 761 2379 842 μισαδελφίας
2420 751 2843 842 ἐπιπηδήσας
2884 759 2973 842 τῇ
3018 759 3258 841 γραφῇ.

634 853 926 942 μεταβὰς
985 849 1044 924 δ’
1085 857 1160 924 ἐκ
1215 852 1489 925 τούτων
1528 850 1872 943 Ἀστέριον
1926 845 2127 935 αὖθις
2171 859 2521 943 τραγῳδεῖ,
2564 850 2829 942 μακρὰν
2870 849 3263 924 ἀποτείνων

635 960 749 1024 καὶ
799 961 954 1042 περὶ
1009 949 1222 1025 αὐτοῦ
1286 951 1616 1044 διήγησιν,
1679 947 1871 1034 ὅπως
1928 980 2005 1024 τε
2048 949 2404 1042 ἀποδημεῖ,
2456 959 2567 1022 καὶ
2619 970 2746 1024 ποῖ
2780 960 2894 1022 καὶ
2934 948 3109 1024 πότε
3152 959 3261 1022 καὶ

567 1067 602 1120 5
634 1053 808 1140 πρὸς
851 1061 1061 1136 τίνας.
1144 1061 1256 1124 καὶ
1298 1052 1555 1125 τούτου
1597 1058 1670 1124 δὲ
1715 1049 2049 1142 ἀφέμενος
2093 1044 2295 1135 αὖθις
2336 1055 2447 1123 ἐπὶ
2492 1051 2619 1123 τὸν
2661 1056 2788 1123 τοῦ
2830 1058 3003 1124 θεοῦ
3050 1052 3259 1142 ἄνδρα

635 1160 983 1225 Παυλῖνον
1027 1159 1364 1242 τρέπεται,
1411 1159 1630 1225 ταῦτα
1672 1149 1963 1242 γράφων
2006 1150 2241 1235 αὐτοῖς
2284 1149 2571 1242 ῥήμασιν

761 1257 901 1339 (Nr.
944 1259 1052 1340 33)
1097 1251 1372 1336 τούτοις
1413 1257 1486 1324 δὲ
1550 1267 1693 1333 τοῖς
1737 1251 1973 1340 ῥητοῖς
2012 1259 2123 1321 καὶ
2190 1246 2229 1322 ὁ
2280 1250 2538 1324 τούτου
2578 1250 2805 1340 πατὴρ
2847 1248 3261 1340 πειθόμενος
3294 1276 3370 1330 49

755 1359 1120 1438 Παυλῖνος,
1167 1349 1384 1424 ταῦτὰ
1428 1357 1648 1440 λέγειν
1693 1377 1767 1421 τε
1808 1358 1919 1422 καὶ
1965 1350 2251 1439 γράφειν
2297 1347 2420 1423 οῦκ
2464 1346 2665 1436 ὀκνεῖ,
2712 1357 2887 1423 ποτὲ
2930 1358 3052 1440 μὲν
3096 1356 3137 1422 δ
3144 1349 3261 1422 εύ-

761 1481 999 1540 τερον
1051 1451 1248 1525 θεὸν
1301 1459 1522 1541 λέγων
1565 1449 1696 1522 τὸν
1741 1450 2043 1541 Χριστὸν
2100 1459 2231 1522 καὶ
2293 1457 2590 1522 τοῦτον
2638 1448 3263 1540 ἀνθρωπικώτε-

533 1569 602 1626 10
758 1581 900 1643 ρον
960 1557 1438 1642 γεγενῆσθαι
1494 1548 1722 1636 θεόν,
1763 1556 1941 1621 ποτε
2001 1556 2073 1622 δὲ
2131 1558 2421 1641 κτίσμα
2482 1547 2734 1623 αύτὸν
2794 1553 3001 1622 εἶναι
3060 1557 3263 1638 διορι-

757 1647 1052 1740 ζόμενος.
1147 1644 1258 1722 ὅτι
1317 1655 1392 1721 δὲ
1449 1646 1649 1722 τοῦθ’
1715 1643 1940 1731 οῦτως
2001 1653 2157 1738 ἔχει,
2219 1657 2332 1721 καὶ
2391 1650 2567 1740 πρὸς
2627 1647 2799 1742 ἡμᾶς
2868 1679 3071 1734 ποτε,
3134 1650 3263 1739 τὴν

756 1746 1083 1840 Ἀγκύραν
1126 1749 1342 1834 διιῶν,
1389 1757 1676 1840 κτίσμα
1721 1751 1927 1822 εἱναι
1969 1749 2119 1821 τὸν
2162 1747 2521 1837 Χριστὸν
2564 1753 2923 1837 ἔφασκεν.

633 1859 746 1922 καὶ
813 1847 1028 1923 πάλιν
1093 1856 1509 1939 μυθολογῶν
1575 1855 1943 1938 διειλέχθαι
2003 1853 2107 1938 τῷ
2152 1855 2478 1938 Παυλίνῳ
2536 1858 2759 1940 φησίν.
2845 1850 3079 1922 ἔπειτα
3120 1854 3258 1920 δια·
3294 1874 3369 1927 50

633 1946 869 2036 βάλλει
921 1947 1049 2021 τὸν
1099 1945 1432 2040 μακάριον
1492 1945 1596 2032 ὥς
1641 1949 1882 2031 θεοὺς
1942 1949 2293 2031 πολλοὺς
2352 1947 2757 2039 εἰρηκότα,
2818 1957 2932 2021 καὶ
2990 1959 3261 2020 καταλι-

535 2069 599 2122 15
634 2051 794 2121 aab»
838 2048 965 2122 τὸν
1009 2057 1360 2122 Παυλῖνον
1401 2045 1618 2120 πάλιν
1661 2054 1763 2137 τῷ
1811 2044 2113 2138 Εύσεβίῳ
2159 2045 2463 2136 σχολάζει
2506 2047 2793 2136 φάσκων

759 2151 897 2236 (Nr.
957 2157 1060 2236 74)
1115 2143 1302 2222 οῦτω
1352 2154 1426 2220 δὲ
1477 2155 1587 2219 καὶ
1649 2143 1967 2232 Εῦσέβιος
2030 2141 2067 2218 ὁ
2130 2153 2253 2236 τῆς
2307 2153 2711 2238 Καισαρείας
2763 2155 3093 2239 γέγραφεν
3151 2154 3263 2218 καὶ

759 2245 967 2331 αῦτὸς
1018 2248 1150 2339 τὴν
1201 2246 1417 2338 αὐτὴν
1469 2251 1646 2337 ἔχων
1688 2253 2009 2337 Παυλίνῳ
2064 2275 2139 2318 τε
2198 2255 2311 2318 καὶ
2372 2266 2517 2330 τοῖς
2562 2251 2826 2335 ἔξωθεν
2876 2257 3031 2336 περὶ
3071 2256 3263 2320 θεῶν

761 2345 980 2435 δόξαν.
1087 2354 1425 2438 γέγραφεν
1492 2347 1618 2437 γὰρ
1693 2343 1814 2434 οὐχ
1878 2377 1974 2430 ως
2036 2339 2241 2429 ὄντος
2298 2343 2515 2435 μόνου
2584 2355 2782 2432 θεοῦ,
2854 2343 3020 2421 ἄλλ’
3086 2348 3263 2430 ἑνὸς
3294 2373 3363 2425 51

763 2440 1004 2531 ὄντος
1046 2455 1190 2519 τοῦ
1231 2444 1482 2537 μόνου
1525 2445 1924 2534 ἀληθινοῦ
1966 2453 2179 2518 θεοῦ.
2266 2440 2437 2518 οθεν
2480 2455 2724 2518 τοίνυν
2774 2449 3025 2537 μαθών
3066 2455 3179 2518 καὶ
3222 2477 3259 2518 ο

534 2563 603 2619 20
759 2542 1104 2634 Ἀστερίου
1143 2545 1374 2636 πατὴρ
1415 2553 1754 2630 Παυλῖνος
1799 2552 2247 2636 νεωτέρους
2289 2546 2529 2629 θεοὺς
2570 2547 2777 2619 εἶναι
2820 2575 3018 2637 ῳετο.

635 2653 748 2718 καὶ
789 2650 864 2718 ἐν
908 2644 1183 2728 τούτοις
1227 2651 1298 2718 δὲ
1343 2676 1440 2729 ως
1498 2653 1690 2718 θεῶν
1751 2643 1953 2732 δόξας
2012 2643 2409 2735 εἰσάγοντας
2467 2650 2793 2730 αἰτιᾶται,
2848 2641 3261 2736 ἀρνούμενος

637 2742 844 2830 αὐτὸς
886 2745 1018 2835 τὴν
1071 2741 1378 2835 θεότητα
1439 2753 1566 2819 τοῦ
1625 2749 1792 2818 υἱοῦ.
1878 2754 1991 2817 καὶ
2054 2751 2528 2836 παραθέμενος
2588 2743 2717 2835 τὴν
2778 2741 3103 2830 Εῦσεβίου
3151 2751 3262 2822 39¹

636 2852 819 2933 λέξιν
879 2842 1026 2935 <ού>
1079 2852 1384 2935 συνίησιν
1436 2842 1532 2928 ὥς
1574 2843 1699 2917 οῦκ
1743 2838 1830 2935 ἦν
1884 2842 2097 2917 αὐτοῦ
2146 2843 2189 2936 ἦ
2252 2844 2382 2918 τὸν
2440 2852 2702 2935 πατέρα
2758 2843 3013 2934 μόνον
3072 2843 3257 2937 άλη·

635 2943 879 3018 θινὸν
918 2942 1116 3019 θεὸν
1159 2942 1559 3017 διδάσκουσα
1604 2944 1828 3036 φωνή,
1876 2952 2003 3019 τοῦ
2046 2950 2119 3015 δὲ
2162 2952 2473 3036 σωτῆρος
2514 2942 2709 3037 ἡμῶν
2752 2952 2880 3017 τοῦ
2910 2942 3257 3037 εἰρηκότος
3290 2969 3363 3022 52

536 3061 603 3116 25
644 3046 790 3117 »ἵνα
831 3046 1261 3134 γινώσκωσίν
1305 3068 1380 3116 σε
1422 3043 1549 3116 τὸν
1591 3042 1806 3135 μόνον
1852 3042 2186 3137 ἀληθινὸν
2228 3043 2457 3118 θεόνι.
2527 3052 2640 3118 καὶ
2682 3040 2835 3136 μεθ’
2868 3048 3065 3135 ἕτερα
3094 3074 3256 3133 προ-

638 3151 954 3237 στίθησιν
998 3151 1217 3234 λέγων

480 3252 565 3314 ξ’
646 3326 654 3336 ,
691 3249 900 3368 (Nr.
932 3250 1038 3335 27)
1081 3248 1224 3316 ἐπεὶ
1267 3241 1493 3317 πόθεν
1539 3240 1696 3335 ἡμῖν
1737 3248 1812 3314 ἐκ
1856 3252 2005 3315 τῶν
2049 3254 2268 3316 θείων
2305 3240 2719 3333 δυνήσονται
2749 3249 2983 3369 δεῖξαιε
3001 3248 3253 3334 ῥητῶν,

624 3359 633 3369 ’
714 3325 874 3418 ὅτι
927 3345 1040 3426 εἶς
1100 3349 1240 3433 μὲν
1291 3341 1758 3433 άγέννητος,
1813 3342 1925 3426 εἷς
1988 3350 2067 3416 δὲ
2111 3343 2499 3434 γεννητὸς
2552 3338 2803 3429 οὕτως,
2858 3350 2869 3433 Ι
2925 3342 3023 3429 αἷς
3066 3341 3263 3417 αὐτοὶ
3296 3360 3379 3417 28

764 3450 1214 3535 γεγεννῆσθαι
1257 3440 1474 3516 αῦτὸν
1515 3440 2067 3528 πεπιστεύκασιν,
2129 3438 2288 3516 οὔτε
2342 3452 2733 3534 προφητῶν
2792 3436 2951 3517 οὔτε
3006 3440 3263 3533 εῦαγγε-

538 3558 607 3612 30
766 3551 1024 3615 λιστῶν
1065 3538 1110 3631 ἢ
1152 3540 1572 3616 ἀποστόλων
1614 3538 1804 3614 τοῦτ’
1850 3542 2262 3633 είρηκότων;

640 3638 792 3727 εἶθ’,
839 3640 1067 3733 ωσπερ
1109 3648 1186 3713 ἐν
1229 3644 1470 3725 αθλοις
1514 3639 2087 3762 ἀπογραψάμενος
2132 3638 2305 3732 ὁμοῦ
2334 3640 2508 3732 πρὸς
2538 3634 2849 3727 ἅπαντας
2876 3648 3368 3732 <δι>απληκ-53

587 3813 602 3825 ,
640 3750 981 3826 τίσασθαι,
1025 3751 1410 3829 μεταβαίνει
1451 3746 1563 3814 ἐπὶ
1605 3741 1735 3813 τὸν
1781 3739 2171 3832 Νάρκισσον
2211 3751 2325 3813 καί
2370 3765 2575 3832 φησιν

617 3847 624 3862 “
767 3848 906 3929 (Nr.
937 3848 1040 3927 70)
1087 3838 1266 3913 ωστε
1308 3868 1439 3912 καν
1481 3840 1699 3913 ἐκεῖνό
1745 3870 1849 3923 τις
1892 3848 2071 3929 λέγῃ,
2116 3838 2639 3928 κατασκευάζων
2680 3851 3013 3932 πρῶτον
3059 3844 3265 3915 εἶναι

766 3940 964 4013 θεὸν
1026 3947 1154 4012 καὶ
1217 3939 1628 4062 δεύτερον,
1699 3972 1797 4023 ως
1860 3939 2241 4031 Νάρκισσος
2312 3937 2545 4024 αὐταῖς
2614 3950 2871 4029 λέξεσιν
2934 3948 3264 4033 γέγραφεν

540 4054 608 4109 35
767 4036 949 4129 (οῦδὲ
992 4039 1116 4128 γὰρ
1162 4059 1494 4128 συγχωρεῖ
1534 4036 1572 4111 ὅ
1627 4047 1846 4128 λέγων
1910 4037 2340 4129 »ποιήσωμεν
2400 4040 2783 4129 ἄνθρωπον
2842 4038 2991 4113 κατ’
3036 4038 3265 4113 εἰκόνα
3294 4060 3369 4113 54

773 4136 1100 4229 ἡμετέραν
1142 4148 1255 4209 καὶ
1296 4136 1453 4208 καθ’
1501 4134 1919 4229 ὁμοίωσινι),
1966 4134 2078 4210 ὅτι
2119 4146 2243 4229 μὲν
2288 4136 2494 4223 αῦτὸς
2537 4148 2649 4213 καὶ
2694 4136 2732 4212 ό
2776 4140 3005 4232 πατὴρ
3052 4137 3263 4212 αὐτοῦ

329 2125 382 2168 ’.ί

818 4309 896 4365 11
925 4308 1036 4379 vgl.
1075 4310 1124 4361 S.
1164 4312 1210 4375 1,
1249 4308 1369 4363 11ff
1406 4340 1472 4348 —-
1525 4308 1606 4364 20
1641 4308 1753 4379 vgl.
1791 4308 1884 4363 Nr.
1923 4311 1989 4365 52
2023 4338 2090 4347 —
2128 4310 2205 4365 25
2242 4310 2365 4365 Joh.
2403 4313 2483 4375 17,
2522 4313 2555 4366 3
2590 4340 2657 4349 —
2694 4311 2771 4368 85
2810 4312 2945 4366 Gen.
2984 4314 3031 4377 1,
3068 4312 3137 4368 26

814 4460 851 4517 8
886 4464 1064 4515 ταῦτα
1105 4458 1154 4511 V
1207 4460 1216 4527 Ι
1273 4458 1351 4513 10
1401 4456 1546 4514 θεὸν
1590 4478 1648 4513 m
1681 4462 1827 4516 θεοῦ
1862 4458 1913 4513 V
1964 4462 1975 4527 1
2028 4460 2107 4515 28
2162 4454 2235 4517 οῦ
2284 4459 2357 4513 Kl
2412 4463 2423 4529 Ι
2478 4462 2557 4517 24
2610 4469 2715 4518 τοῦ
2756 4460 2817 4517 δὲ
2859 4467 2963 4517 τοῦ
3016 4464 3267 4529 σωτῆρος

643 4561 808 4631 ἡμῶν
843 4560 910 4624 V,
963 4579 1034 4609 ω
1075 4559 1176 4615 We
1224 4560 1233 4627 Ι
1283 4560 1356 4615 81
1417 4562 1929 4630 διαπληκτίσασθαι
1982 4579 2019 4631 g
2066 4565 2073 4630 Ι
2124 4562 2202 4618 88
2254 4554 2391 4618 ὥστ’
2431 4557 2535 4619 οῦκ
2588 4558 2662 4619 ἂν
2698 4604 2711 4617 .
2751 4606 2763 4617 .
2798 4562 2957 4635 λέγοι
3005 4560 3086 4616 Re
3132 4562 3141 4629 Ι
3189 4558 3263 4616 85

645 4656 806 4719 οὐδὲν
843 4660 910 4728 V,
955 4678 1092 4716 corr.
1129 4659 1201 4715 Kl
