<?xml version="1.0" encoding="UTF-8"?>
<!DOCTYPE html PUBLIC "-//W3C//DTD XHTML 1.0 Transitional//EN"
    "http://www.w3.org/TR/xhtml1/DTD/xhtml1-transitional.dtd">
<html xmlns="http://www.w3.org/1999/xhtml" xml:lang="en" lang="en">
 <head>
  <title>
</title>
<meta http-equiv="Content-Type" content="text/html;charset=utf-8" />
  <meta name='ocr-system' content='tesseract 3.04.00' />
  <meta name='ocr-capabilities' content='ocr_page ocr_carea ocr_par ocr_line ocrx_word'/>
</head>
<body>
  <div class='ocr_page' id='page_1' title='image "./werkevolume00eusegoog/werkevolume00eusegoog_0174.png"; bbox 0 0 3694 5582; ppageno 0'>
   <div class='ocr_carea' id='block_1_1' title="bbox 1165 483 3041 558">
    <p class='ocr_par' dir='ltr' id='par_1_1' title="bbox 1165 483 3041 558">
     <span class='ocr_line' id='line_1_1' title="bbox 1165 483 3041 558; baseline 0.009 -22"><span class='ocrx_word' id='word_1_1' title='bbox 1165 483 1236 537; x_wconf 78' lang='lat' dir='ltr'><strong><em>de</em></strong></span> <span class='ocrx_word' id='word_1_2' title='bbox 1269 483 1641 540; x_wconf 70' lang='lat' dir='ltr'><strong>ecclesiastica</strong></span> <span class='ocrx_word' id='word_1_3' title='bbox 1671 486 1958 558; x_wconf 62' lang='lat' dir='ltr'>theologia</span> <span class='ocrx_word' id='word_1_4' title='bbox 1990 489 2043 543; x_wconf 91' lang='lat'><strong><em>11</em></strong></span> <span class='ocrx_word' id='word_1_5' title='bbox 2077 487 2297 542; x_wconf 83' lang='lat'><strong>23—25.</strong></span> <span class='ocrx_word' id='word_1_6' title='bbox 2926 491 3041 553; x_wconf 85' lang='lat'><strong><em>135</em></strong></span> 
     </span>
    </p>
   </div>
   <div class='ocr_carea' id='block_1_2' title="bbox 326 641 3388 3031">
    <p class='ocr_par' dir='ltr' id='par_1_2' title="bbox 326 641 3388 3031">
     <span class='ocr_line' id='line_1_2' title="bbox 551 641 3046 738; baseline 0.001 -22"><span class='ocrx_word' id='word_1_7' title='bbox 551 641 960 735; x_wconf 69' lang='grc' dir='ltr'><strong><em>εὑρήσουσιν.</em></strong></span> <span class='ocrx_word' id='word_1_8' title='bbox 1045 649 1364 736; x_wconf 89' lang='grc' dir='ltr'><strong><em>ἐμίσησαν</em></strong></span> <span class='ocrx_word' id='word_1_9' title='bbox 1401 647 1528 737; x_wconf 83' lang='grc' dir='ltr'><strong><em>γὰρ</em></strong></span> <span class='ocrx_word' id='word_1_10' title='bbox 1573 658 1851 737; x_wconf 80' lang='grc' dir='ltr'><strong><em>σοφίαν,</em></strong></span> <span class='ocrx_word' id='word_1_11' title='bbox 1915 650 2043 723; x_wconf 89' lang='grc' dir='ltr'><strong><em>τὸν</em></strong></span> <span class='ocrx_word' id='word_1_12' title='bbox 2104 656 2175 720; x_wconf 83' lang='grc' dir='ltr'><strong><em>δὲ</em></strong></span> <span class='ocrx_word' id='word_1_13' title='bbox 2229 646 2439 738; x_wconf 88' lang='grc' dir='ltr'><strong><em>λόγον</em></strong></span> <span class='ocrx_word' id='word_1_14' title='bbox 2480 657 2715 738; x_wconf 79' lang='grc' dir='ltr'><strong><em>κυρίου</em></strong></span> <span class='ocrx_word' id='word_1_15' title='bbox 2758 643 2841 720; x_wconf 82' lang='grc' dir='ltr'><strong><em>ού</em></strong></span> <span class='ocrx_word' id='word_1_16' title='bbox 2880 675 3046 736; x_wconf 88' lang='grc' dir='ltr'><strong><em>προ-</em></strong></span> 
     </span>
     <span class='ocr_line' id='line_1_3' title="bbox 549 742 3047 838; baseline 0 -21"><span class='ocrx_word' id='word_1_17' title='bbox 549 753 881 818; x_wconf 70' lang='grc' dir='ltr'><strong><em>είλοντοσ.</em></strong></span> <span class='ocrx_word' id='word_1_18' title='bbox 939 742 1204 828; x_wconf 80' lang='grc' dir='ltr'><strong><em>Ἡσαΐας</em></strong></span> <span class='ocrx_word' id='word_1_19' title='bbox 1246 775 1324 818; x_wconf 88' lang='grc' dir='ltr'><strong><em>τε</em></strong></span> <span class='ocrx_word' id='word_1_20' title='bbox 1357 751 1468 818; x_wconf 76' lang='grc' dir='ltr'><strong><em>»ἐκ</em></strong></span> <span class='ocrx_word' id='word_1_21' title='bbox 1495 749 1692 820; x_wconf 83' lang='grc' dir='ltr'><strong><em>Σιῶν</em></strong></span> <span class='ocrx_word' id='word_1_22' title='bbox 1729 749 2142 836; x_wconf 75' lang='grc' dir='ltr'><strong><em>ἐξελεύσεται</em></strong></span> <span class='ocrx_word' id='word_1_23' title='bbox 2173 747 2396 838; x_wconf 91' lang='grc' dir='ltr'><strong><em>νόμος,</em></strong></span> <span class='ocrx_word' id='word_1_24' title='bbox 2440 755 2552 820; x_wconf 82' lang='grc' dir='ltr'><strong><em>καὶ</em></strong></span> <span class='ocrx_word' id='word_1_25' title='bbox 2582 745 2785 837; x_wconf 81' lang='grc' dir='ltr'><strong><em>λόγος</em></strong></span> <span class='ocrx_word' id='word_1_26' title='bbox 2813 756 3047 836; x_wconf 80' lang='grc' dir='ltr'><strong><em>κυρίου</em></strong></span> 
     </span>
     <span class='ocr_line' id='line_1_4' title="bbox 553 839 3047 938; baseline 0 -22"><span class='ocrx_word' id='word_1_27' title='bbox 553 849 622 932; x_wconf 75' lang='grc' dir='ltr'><strong><em>ἐξ</em></strong></span> <span class='ocrx_word' id='word_1_28' title='bbox 662 842 1141 936; x_wconf 68' lang='grc' dir='ltr'><strong><em>Ἰερουσαλήμι.</em></strong></span> <span class='ocrx_word' id='word_1_29' title='bbox 1208 852 1320 916; x_wconf 82' lang='grc' dir='ltr'><strong><em>καὶ</em></strong></span> <span class='ocrx_word' id='word_1_30' title='bbox 1379 839 1578 929; x_wconf 81' lang='grc' dir='ltr'><strong><em>αὖθις</em></strong></span> <span class='ocrx_word' id='word_1_31' title='bbox 1628 843 1935 938; x_wconf 83' lang='grc' dir='ltr'><strong><em>Ἱερεμίας</em></strong></span> <span class='ocrx_word' id='word_1_32' title='bbox 1998 847 2472 938; x_wconf 74' lang='grc' dir='ltr'><strong><em>»ᾐσχύνθησαν</em></strong></span> <span class='ocrx_word' id='word_1_33' title='bbox 2531 855 2770 935; x_wconf 64' lang='grc' dir='ltr'><strong><em>σοφοὶ(</em></strong></span> <span class='ocrx_word' id='word_1_34' title='bbox 2840 853 3047 936; x_wconf 87' lang='grc' dir='ltr'><strong><em>φησὶν</em></strong></span> 
     </span>
     <span class='ocr_line' id='line_1_5' title="bbox 562 942 3046 1037; baseline 0.001 -23"><span class='ocrx_word' id='word_1_35' title='bbox 562 953 708 1016; x_wconf 73' lang='grc' dir='ltr'><strong><em>»καὶ</em></strong></span> <span class='ocrx_word' id='word_1_36' title='bbox 751 943 1197 1036; x_wconf 84' lang='grc' dir='ltr'><strong><em>ἐπτοήθησαν</em></strong></span> <span class='ocrx_word' id='word_1_37' title='bbox 1254 953 1366 1018; x_wconf 78' lang='grc' dir='ltr'><strong><em>καὶ</em></strong></span> <span class='ocrx_word' id='word_1_38' title='bbox 1427 944 1764 1032; x_wconf 79' lang='grc' dir='ltr'><strong><em>ἑάλωσαν,</em></strong></span> <span class='ocrx_word' id='word_1_39' title='bbox 1829 943 1941 1019; x_wconf 76' lang='grc' dir='ltr'><strong><em>ὅτι</em></strong></span> <span class='ocrx_word' id='word_1_40' title='bbox 2002 947 2129 1020; x_wconf 84' lang='grc' dir='ltr'><strong><em>τὸν</em></strong></span> <span class='ocrx_word' id='word_1_41' title='bbox 2187 946 2400 1035; x_wconf 86' lang='grc' dir='ltr'><strong><em>λόγον</em></strong></span> <span class='ocrx_word' id='word_1_42' title='bbox 2462 955 2695 1037; x_wconf 82' lang='grc' dir='ltr'><strong><em>κυρίου</em></strong></span> <span class='ocrx_word' id='word_1_43' title='bbox 2738 942 3046 1018; x_wconf 84' lang='grc' dir='ltr'><strong><em>άπεδοκί-</em></strong></span> 
     </span>
     <span class='ocr_line' id='line_1_6' title="bbox 357 1041 3111 1139; baseline 0.001 -25"><span class='ocrx_word' id='word_1_44' title='bbox 357 1057 392 1111; x_wconf 83' lang='grc'>5</span> <span class='ocrx_word' id='word_1_45' title='bbox 553 1066 827 1132; x_wconf 71' lang='grc' dir='ltr'><strong><em>μασανι.</em></strong></span> <span class='ocrx_word' id='word_1_46' title='bbox 886 1053 999 1116; x_wconf 86' lang='grc' dir='ltr'><strong><em>καὶ</em></strong></span> <span class='ocrx_word' id='word_1_47' title='bbox 1031 1041 1218 1135; x_wconf 80' lang='grc' dir='ltr'><strong><em>Ὠσηὲ</em></strong></span> <span class='ocrx_word' id='word_1_48' title='bbox 1246 1052 1318 1117; x_wconf 81' lang='grc' dir='ltr'><strong><em>δὲ</em></strong></span> <span class='ocrx_word' id='word_1_49' title='bbox 1349 1041 1386 1117; x_wconf 90' lang='grc' dir='ltr'><strong><em>ὁ</em></strong></span> <span class='ocrx_word' id='word_1_50' title='bbox 1417 1043 1778 1138; x_wconf 83' lang='grc' dir='ltr'><strong><em>προφήτης</em></strong></span> <span class='ocrx_word' id='word_1_51' title='bbox 1813 1051 2201 1137; x_wconf 72' lang='grc' dir='ltr'><strong><em>»ἐμίσησανι</em></strong></span> <span class='ocrx_word' id='word_1_52' title='bbox 2252 1051 2383 1139; x_wconf 74' lang='grc' dir='ltr'><strong><em>ἔφη</em></strong></span> <span class='ocrx_word' id='word_1_53' title='bbox 2431 1053 2542 1119; x_wconf 79' lang='grc' dir='ltr'><strong><em>»ἐν</em></strong></span> <span class='ocrx_word' id='word_1_54' title='bbox 2584 1046 2824 1130; x_wconf 77' lang='grc' dir='ltr'><strong><em>πύλαις</em></strong></span> <span class='ocrx_word' id='word_1_55' title='bbox 2868 1052 3044 1135; x_wconf 83' lang='grc' dir='ltr'><strong><em>ἐλέγ-</em></strong></span> <span class='ocrx_word' id='word_1_56' title='bbox 3078 1065 3111 1118; x_wconf 77' lang='grc'><strong>2</strong></span> 
     </span>
     <span class='ocr_line' id='line_1_7' title="bbox 551 1139 3045 1237; baseline -0 -20"><span class='ocrx_word' id='word_1_57' title='bbox 551 1174 796 1234; x_wconf 87' lang='grc' dir='ltr'><strong><em>χοντα,</em></strong></span> <span class='ocrx_word' id='word_1_58' title='bbox 856 1153 970 1216; x_wconf 89' lang='grc' dir='ltr'><strong><em>καὶ</em></strong></span> <span class='ocrx_word' id='word_1_59' title='bbox 1029 1143 1241 1235; x_wconf 82' lang='grc' dir='ltr'><strong><em>λόγον</em></strong></span> <span class='ocrx_word' id='word_1_60' title='bbox 1301 1139 1495 1219; x_wconf 81' lang='grc' dir='ltr'><strong><em>ὅσιον</em></strong></span> <span class='ocrx_word' id='word_1_61' title='bbox 1555 1146 2059 1235; x_wconf 71' lang='grc' dir='ltr'><strong><em>ἐβδελύξαντοι.</em></strong></span> <span class='ocrx_word' id='word_1_62' title='bbox 2138 1155 2427 1237; x_wconf 84' lang='grc' dir='ltr'><strong><em>Μιχαίας</em></strong></span> <span class='ocrx_word' id='word_1_63' title='bbox 2488 1177 2564 1219; x_wconf 88' lang='grc' dir='ltr'><strong><em>τε</em></strong></span> <span class='ocrx_word' id='word_1_64' title='bbox 2624 1143 2877 1237; x_wconf 87' lang='grc' dir='ltr'><strong><em>ὁμοίως</em></strong></span> <span class='ocrx_word' id='word_1_65' title='bbox 2934 1153 3045 1219; x_wconf 85' lang='grc' dir='ltr'><strong><em>καὶ</em></strong></span> 
     </span>
     <span class='ocr_line' id='line_1_8' title="bbox 557 1241 3047 1337; baseline 0 -21"><span class='ocrx_word' id='word_1_66' title='bbox 557 1241 764 1328; x_wconf 76' lang='grc' dir='ltr'><strong><em>αὐτὸς</em></strong></span> <span class='ocrx_word' id='word_1_67' title='bbox 805 1253 960 1335; x_wconf 85' lang='grc' dir='ltr'><strong><em>περὶ</em></strong></span> <span class='ocrx_word' id='word_1_68' title='bbox 1003 1252 1131 1318; x_wconf 88' lang='grc' dir='ltr'><strong><em>τοῦ</em></strong></span> <span class='ocrx_word' id='word_1_69' title='bbox 1173 1242 1382 1335; x_wconf 88' lang='grc' dir='ltr'><strong><em>λόγου</em></strong></span> <span class='ocrx_word' id='word_1_70' title='bbox 1431 1245 1882 1336; x_wconf 81' lang='grc' dir='ltr'><strong><em>μνημονεύων</em></strong></span> <span class='ocrx_word' id='word_1_71' title='bbox 1948 1252 2059 1318; x_wconf 77' lang='grc' dir='ltr'><strong><em>»ἐκ</em></strong></span> <span class='ocrx_word' id='word_1_72' title='bbox 2102 1248 2333 1318; x_wconf 68' lang='grc' dir='ltr'><strong><em>Σιῶνι</em></strong></span> <span class='ocrx_word' id='word_1_73' title='bbox 2402 1251 2531 1337; x_wconf 81' lang='grc' dir='ltr'><strong><em>ἔφη</em></strong></span> <span class='ocrx_word' id='word_1_74' title='bbox 2598 1245 3047 1333; x_wconf 75' lang='grc' dir='ltr'><strong><em>»ἐξελεύσεται</em></strong></span> 
     </span>
     <span class='ocr_line' id='line_1_9' title="bbox 555 1340 2096 1436; baseline 0.001 -20"><span class='ocrx_word' id='word_1_75' title='bbox 555 1340 782 1434; x_wconf 87' lang='grc' dir='ltr'><strong><em>νόμος,</em></strong></span> <span class='ocrx_word' id='word_1_76' title='bbox 827 1352 939 1416; x_wconf 83' lang='grc' dir='ltr'><strong><em>καὶ</em></strong></span> <span class='ocrx_word' id='word_1_77' title='bbox 984 1342 1185 1435; x_wconf 82' lang='grc' dir='ltr'><strong><em>λόγος</em></strong></span> <span class='ocrx_word' id='word_1_78' title='bbox 1227 1354 1464 1433; x_wconf 80' lang='grc' dir='ltr'><strong><em>κυρίου</em></strong></span> <span class='ocrx_word' id='word_1_79' title='bbox 1505 1349 1576 1433; x_wconf 74' lang='grc' dir='ltr'><strong><em>ἐξ</em></strong></span> <span class='ocrx_word' id='word_1_80' title='bbox 1615 1342 2096 1436; x_wconf 68' lang='grc' dir='ltr'><strong><em>Ἱερουσαλήμι.</em></strong></span> 
     </span>
     <span class='ocr_line' id='line_1_10' title="bbox 429 1440 3047 1536; baseline -0 -21"><span class='ocrx_word' id='word_1_81' title='bbox 429 1448 649 1515; x_wconf 86' lang='grc' dir='ltr'><strong><em>ταῦτα</em></strong></span> <span class='ocrx_word' id='word_1_82' title='bbox 690 1451 803 1514; x_wconf 87' lang='grc' dir='ltr'><strong><em>καὶ</em></strong></span> <span class='ocrx_word' id='word_1_83' title='bbox 847 1444 932 1514; x_wconf 81' lang='grc' dir='ltr'><strong><em>τὰ</em></strong></span> <span class='ocrx_word' id='word_1_84' title='bbox 975 1444 1253 1528; x_wconf 81' lang='grc' dir='ltr'><strong><em>τούτοις</em></strong></span> <span class='ocrx_word' id='word_1_85' title='bbox 1297 1440 1556 1534; x_wconf 81' lang='grc' dir='ltr'><strong><em>ἇδελφὰ</em></strong></span> <span class='ocrx_word' id='word_1_86' title='bbox 1601 1449 2003 1536; x_wconf 75' lang='grc' dir='ltr'><strong><em>συναγαγὼν</em></strong></span> <span class='ocrx_word' id='word_1_87' title='bbox 2044 1445 2407 1536; x_wconf 81' lang='grc' dir='ltr'><strong><em>κρατύνειν</em></strong></span> <span class='ocrx_word' id='word_1_88' title='bbox 2448 1445 2557 1518; x_wconf 81' lang='grc' dir='ltr'><strong><em>διὰ</em></strong></span> <span class='ocrx_word' id='word_1_89' title='bbox 2602 1443 2873 1518; x_wconf 87' lang='grc' dir='ltr'><strong><em>τούτων</em></strong></span> <span class='ocrx_word' id='word_1_90' title='bbox 2917 1445 3047 1534; x_wconf 84' lang='grc' dir='ltr'><strong><em>τὴν</em></strong></span> 
     </span>
     <span class='ocr_line' id='line_1_11' title="bbox 326 1539 3113 1636; baseline 0.003 -25"><span class='ocrx_word' id='word_1_91' title='bbox 326 1556 396 1611; x_wconf 90' lang='grc'><strong><em>10</em></strong></span> <span class='ocrx_word' id='word_1_92' title='bbox 430 1545 680 1615; x_wconf 80' lang='grc' dir='ltr'><strong><em>ἑαυτοῦ</em></strong></span> <span class='ocrx_word' id='word_1_93' title='bbox 723 1541 932 1630; x_wconf 77' lang='grc' dir='ltr'><strong><em>δόξαν</em></strong></span> <span class='ocrx_word' id='word_1_94' title='bbox 975 1541 1249 1635; x_wconf 79' lang='grc' dir='ltr'><strong><em>ἡγεῖται.</em></strong></span> <span class='ocrx_word' id='word_1_95' title='bbox 1323 1539 1452 1634; x_wconf 79' lang='grc' dir='ltr'><strong><em>ὅρα</em></strong></span> <span class='ocrx_word' id='word_1_96' title='bbox 1495 1551 1566 1616; x_wconf 77' lang='grc' dir='ltr'><strong><em>δὲ</em></strong></span> <span class='ocrx_word' id='word_1_97' title='bbox 1609 1553 1758 1630; x_wconf 88' lang='grc' dir='ltr'><strong><em>πῶς</em></strong></span> <span class='ocrx_word' id='word_1_98' title='bbox 1805 1545 2024 1636; x_wconf 85' lang='grc' dir='ltr'><strong><em>φύρας</em></strong></span> <span class='ocrx_word' id='word_1_99' title='bbox 2054 1545 2176 1630; x_wconf 85' lang='grc' dir='ltr'><strong><em>τὰς</em></strong></span> <span class='ocrx_word' id='word_1_100' title='bbox 2221 1543 2357 1619; x_wconf 86' lang='grc' dir='ltr'><strong><em>άπὸ</em></strong></span> <span class='ocrx_word' id='word_1_101' title='bbox 2397 1552 2520 1636; x_wconf 86' lang='grc' dir='ltr'><strong><em>τῆς</em></strong></span> <span class='ocrx_word' id='word_1_102' title='bbox 2550 1552 2742 1628; x_wconf 82' lang='grc' dir='ltr'><strong><em>θείας</em></strong></span> <span class='ocrx_word' id='word_1_103' title='bbox 2784 1549 3047 1635; x_wconf 83' lang='grc' dir='ltr'><strong><em>γραφῆς</em></strong></span> <span class='ocrx_word' id='word_1_104' title='bbox 3080 1564 3113 1618; x_wconf 89' lang='grc'><strong>3</strong></span> 
     </span>
     <span class='ocr_line' id='line_1_12' title="bbox 428 1637 3046 1736; baseline 0 -20"><span class='ocrx_word' id='word_1_105' title='bbox 428 1651 797 1734; x_wconf 83' lang='grc' dir='ltr'><strong><em>μαρτυρίας</em></strong></span> <span class='ocrx_word' id='word_1_106' title='bbox 840 1637 1011 1734; x_wconf 84' lang='grc' dir='ltr'><strong><em>ὁμοῦ</em></strong></span> <span class='ocrx_word' id='word_1_107' title='bbox 1054 1642 1427 1734; x_wconf 86' lang='grc' dir='ltr'><strong><em>συνήγαγεν</em></strong></span> <span class='ocrx_word' id='word_1_108' title='bbox 1468 1651 1580 1716; x_wconf 85' lang='grc' dir='ltr'><strong><em>καὶ</em></strong></span> <span class='ocrx_word' id='word_1_109' title='bbox 1625 1645 1752 1717; x_wconf 88' lang='grc' dir='ltr'><strong><em>τὸν</em></strong></span> <span class='ocrx_word' id='word_1_110' title='bbox 1795 1642 2393 1736; x_wconf 80' lang='grc' dir='ltr'><strong><em>άποστελλόμενον</em></strong></span> <span class='ocrx_word' id='word_1_111' title='bbox 2437 1651 2563 1716; x_wconf 88' lang='grc' dir='ltr'><strong><em>τοῦ</em></strong></span> <span class='ocrx_word' id='word_1_112' title='bbox 2605 1649 2775 1716; x_wconf 88' lang='grc' dir='ltr'><strong><em>θεοῦ</em></strong></span> <span class='ocrx_word' id='word_1_113' title='bbox 2818 1642 3046 1732; x_wconf 86' lang='grc' dir='ltr'><strong><em>λόγον,</em></strong></span> 
     </span>
     <span class='ocr_line' id='line_1_13' title="bbox 429 1740 3052 1836; baseline -0.001 -20"><span class='ocrx_word' id='word_1_114' title='bbox 429 1743 558 1816; x_wconf 83' lang='grc' dir='ltr'><strong><em>τὸν</em></strong></span> <span class='ocrx_word' id='word_1_115' title='bbox 601 1740 944 1833; x_wconf 86' lang='grc' dir='ltr'><strong><em>σωτήριον</em></strong></span> <span class='ocrx_word' id='word_1_116' title='bbox 993 1751 1106 1816; x_wconf 84' lang='grc' dir='ltr'><strong><em>καὶ</em></strong></span> <span class='ocrx_word' id='word_1_117' title='bbox 1159 1741 1455 1829; x_wconf 89' lang='grc' dir='ltr'><strong><em>ίατικόν,</em></strong></span> <span class='ocrx_word' id='word_1_118' title='bbox 1517 1753 1629 1816; x_wconf 89' lang='grc' dir='ltr'><strong><em>καὶ</em></strong></span> <span class='ocrx_word' id='word_1_119' title='bbox 1693 1744 1820 1818; x_wconf 86' lang='grc' dir='ltr'><strong><em>τὸν</em></strong></span> <span class='ocrx_word' id='word_1_120' title='bbox 1882 1753 2029 1818; x_wconf 89' lang='grc' dir='ltr'><strong><em>τῶν</em></strong></span> <span class='ocrx_word' id='word_1_121' title='bbox 2081 1752 2453 1836; x_wconf 82' lang='grc' dir='ltr'><strong><em>πρακτέων</em></strong></span> <span class='ocrx_word' id='word_1_122' title='bbox 2492 1740 3052 1835; x_wconf 86' lang='grc' dir='ltr'><strong><em>παραγγελτικόν.</em></strong></span> 
     </span>
     <span class='ocr_line' id='line_1_14' title="bbox 430 1839 3045 1935; baseline 0.001 -22"><span class='ocrx_word' id='word_1_123' title='bbox 430 1841 513 1913; x_wconf 85' lang='grc' dir='ltr'><strong><em>τὸ</em></strong></span> <span class='ocrx_word' id='word_1_124' title='bbox 558 1841 687 1933; x_wconf 81' lang='grc' dir='ltr'><strong><em>γὰρ</em></strong></span> <span class='ocrx_word' id='word_1_125' title='bbox 737 1849 1089 1933; x_wconf 75' lang='grc' dir='ltr'><strong><em>»ἐμίσησαν</em></strong></span> <span class='ocrx_word' id='word_1_126' title='bbox 1131 1848 1206 1915; x_wconf 90' lang='grc' dir='ltr'><strong><em>ἐν</em></strong></span> <span class='ocrx_word' id='word_1_127' title='bbox 1250 1842 1494 1928; x_wconf 80' lang='grc' dir='ltr'><strong><em>πύλαις</em></strong></span> <span class='ocrx_word' id='word_1_128' title='bbox 1539 1849 1921 1934; x_wconf 80' lang='grc' dir='ltr'><strong><em>ἐλέγχοντα,</em></strong></span> <span class='ocrx_word' id='word_1_129' title='bbox 1966 1853 2079 1918; x_wconf 81' lang='grc' dir='ltr'><strong><em>καὶ</em></strong></span> <span class='ocrx_word' id='word_1_130' title='bbox 2110 1842 2321 1935; x_wconf 85' lang='grc' dir='ltr'><strong><em>λόγον</em></strong></span> <span class='ocrx_word' id='word_1_131' title='bbox 2350 1839 2543 1918; x_wconf 79' lang='grc' dir='ltr'><strong><em>ὅσιον</em></strong></span> <span class='ocrx_word' id='word_1_132' title='bbox 2570 1842 3045 1931; x_wconf 72' lang='grc' dir='ltr'><strong><em>ἐβδελύξαντω</em></strong></span> 
     </span>
     <span class='ocr_line' id='line_1_15' title="bbox 429 1938 3053 2034; baseline -0.001 -20"><span class='ocrx_word' id='word_1_133' title='bbox 429 1962 635 2015; x_wconf 83' lang='grc' dir='ltr'><strong><em>ποῖον</em></strong></span> <span class='ocrx_word' id='word_1_134' title='bbox 697 1939 1102 2014; x_wconf 73' lang='grc' dir='ltr'><strong><em>ὑποτίθεται</em></strong></span> <span class='ocrx_word' id='word_1_135' title='bbox 1165 1939 1376 2032; x_wconf 91' lang='grc' dir='ltr'><strong><em>λόγον</em></strong></span> <span class='ocrx_word' id='word_1_136' title='bbox 1434 1939 1478 2033; x_wconf 80' lang='grc' dir='ltr'><em>ἢ</em></span> <span class='ocrx_word' id='word_1_137' title='bbox 1537 1941 1823 2028; x_wconf 87' lang='grc' dir='ltr'><strong><em>πάντως</em></strong></span> <span class='ocrx_word' id='word_1_138' title='bbox 1882 1973 2021 2016; x_wconf 89' lang='grc' dir='ltr'><strong><em>που</em></strong></span> <span class='ocrx_word' id='word_1_139' title='bbox 2080 1944 2209 2017; x_wconf 84' lang='grc' dir='ltr'><strong><em>τὸν</em></strong></span> <span class='ocrx_word' id='word_1_140' title='bbox 2268 1951 2421 2034; x_wconf 85' lang='grc' dir='ltr'><strong><em>περὶ</em></strong></span> <span class='ocrx_word' id='word_1_141' title='bbox 2482 1952 2631 2024; x_wconf 87' lang='grc' dir='ltr'><strong><em>τῶν</em></strong></span> <span class='ocrx_word' id='word_1_142' title='bbox 2690 1938 2901 2016; x_wconf 89' lang='grc' dir='ltr'><strong><em>ὁσίων</em></strong></span> <span class='ocrx_word' id='word_1_143' title='bbox 2942 1949 3053 2014; x_wconf 89' lang='grc' dir='ltr'><strong><em>καὶ</em></strong></span> 
     </span>
     <span class='ocr_line' id='line_1_16' title="bbox 331 2039 3053 2133; baseline 0 -21"><span class='ocrx_word' id='word_1_144' title='bbox 331 2057 396 2112; x_wconf 88' lang='grc'><strong><em>15</em></strong></span> <span class='ocrx_word' id='word_1_145' title='bbox 431 2049 717 2114; x_wconf 84' lang='grc' dir='ltr'><strong><em>δικαίων</em></strong></span> <span class='ocrx_word' id='word_1_146' title='bbox 759 2040 1082 2132; x_wconf 73' lang='grc' dir='ltr'><strong><em>πράξεων</em></strong></span> <span class='ocrx_word' id='word_1_147' title='bbox 1123 2041 1691 2132; x_wconf 82' lang='grc' dir='ltr'><strong><em>παραγγελτικόν,</em></strong></span> <span class='ocrx_word' id='word_1_148' title='bbox 1753 2042 1987 2117; x_wconf 89' lang='grc' dir='ltr'><strong><em>πάντα</em></strong></span> <span class='ocrx_word' id='word_1_149' title='bbox 2048 2071 2123 2114; x_wconf 88' lang='grc' dir='ltr'><strong><em>τε</em></strong></span> <span class='ocrx_word' id='word_1_150' title='bbox 2164 2051 2430 2133; x_wconf 85' lang='grc' dir='ltr'><strong><em>μᾶλλον</em></strong></span> <span class='ocrx_word' id='word_1_151' title='bbox 2473 2039 2516 2133; x_wconf 80' lang='grc' dir='ltr'>ἢ</span> <span class='ocrx_word' id='word_1_152' title='bbox 2560 2042 2690 2115; x_wconf 84' lang='grc' dir='ltr'><strong><em>τὸν</em></strong></span> <span class='ocrx_word' id='word_1_153' title='bbox 2729 2040 2883 2112; x_wconf 80' lang='grc' dir='ltr'><strong><em>υἱὸν</em></strong></span> <span class='ocrx_word' id='word_1_154' title='bbox 2926 2047 3053 2112; x_wconf 91' lang='grc' dir='ltr'><strong><em>τοῦ</em></strong></span> 
     </span>
     <span class='ocr_line' id='line_1_17' title="bbox 429 2136 3053 2234; baseline -0 -21"><span class='ocrx_word' id='word_1_155' title='bbox 429 2148 601 2213; x_wconf 86' lang='grc' dir='ltr'><strong><em>θεοῦ</em></strong></span> <span class='ocrx_word' id='word_1_156' title='bbox 653 2136 1013 2232; x_wconf 80' lang='grc' dir='ltr'><strong><em>ὁμολογεῖν</em></strong></span> <span class='ocrx_word' id='word_1_157' title='bbox 1063 2139 1403 2226; x_wconf 84' lang='grc' dir='ltr'><strong><em>βούλεται,</em></strong></span> <span class='ocrx_word' id='word_1_158' title='bbox 1468 2139 1698 2231; x_wconf 75' lang='grc' dir='ltr'><strong><em>ῶσπερ</em></strong></span> <span class='ocrx_word' id='word_1_159' title='bbox 1759 2143 2157 2231; x_wconf 87' lang='grc' dir='ltr'><strong><em>αἰδούμενος</em></strong></span> <span class='ocrx_word' id='word_1_160' title='bbox 2208 2149 2663 2234; x_wconf 90' lang='grc' dir='ltr'><strong><em>μνημονεῦσαι</em></strong></span> <span class='ocrx_word' id='word_1_161' title='bbox 2712 2148 2842 2214; x_wconf 87' lang='grc' dir='ltr'><strong><em>τοῦ</em></strong></span> <span class='ocrx_word' id='word_1_162' title='bbox 2882 2145 3053 2213; x_wconf 79' lang='grc' dir='ltr'><strong><em>υἱοῦ.</em></strong></span> 
     </span>
     <span class='ocr_line' id='line_1_18' title="bbox 432 2235 3055 2332; baseline -0.001 -20"><span class='ocrx_word' id='word_1_163' title='bbox 432 2238 618 2330; x_wconf 81' lang='grc' dir='ltr'><strong><em>ἡμεῖς</em></strong></span> <span class='ocrx_word' id='word_1_164' title='bbox 663 2248 786 2330; x_wconf 82' lang='grc' dir='ltr'><strong><em>μὲν</em></strong></span> <span class='ocrx_word' id='word_1_165' title='bbox 828 2241 954 2332; x_wconf 82' lang='grc' dir='ltr'><strong><em>γὰρ</em></strong></span> <span class='ocrx_word' id='word_1_166' title='bbox 999 2246 1272 2330; x_wconf 79' lang='grc' dir='ltr'><strong><em>οἴδαμεν</em></strong></span> <span class='ocrx_word' id='word_1_167' title='bbox 1316 2241 1444 2315; x_wconf 83' lang='grc' dir='ltr'><strong><em>τὸν</em></strong></span> <span class='ocrx_word' id='word_1_168' title='bbox 1488 2242 1638 2314; x_wconf 84' lang='grc' dir='ltr'><strong><em>υἱὸν</em></strong></span> <span class='ocrx_word' id='word_1_169' title='bbox 1680 2250 1808 2314; x_wconf 87' lang='grc' dir='ltr'><strong><em>τοῦ</em></strong></span> <span class='ocrx_word' id='word_1_170' title='bbox 1850 2249 2023 2316; x_wconf 89' lang='grc' dir='ltr'><strong><em>θεοῦ</em></strong></span> <span class='ocrx_word' id='word_1_171' title='bbox 2060 2242 2493 2332; x_wconf 79' lang='grc' dir='ltr'><strong><em>κυριώτατον</em></strong></span> <span class='ocrx_word' id='word_1_172' title='bbox 2537 2235 2706 2314; x_wconf 79' lang='grc' dir='ltr'><strong><em>ὄντα</em></strong></span> <span class='ocrx_word' id='word_1_173' title='bbox 2744 2241 2897 2313; x_wconf 75' lang='grc' dir='ltr'><strong><em>υἱὸν</em></strong></span> <span class='ocrx_word' id='word_1_174' title='bbox 2941 2247 3055 2311; x_wconf 91' lang='grc' dir='ltr'><strong><em>καὶ</em></strong></span> 
     </span>
     <span class='ocr_line' id='line_1_19' title="bbox 433 2337 3055 2432; baseline 0 -21"><span class='ocrx_word' id='word_1_175' title='bbox 433 2337 715 2432; x_wconf 81' lang='grc' dir='ltr'><strong><em>άληθῶς</em></strong></span> <span class='ocrx_word' id='word_1_176' title='bbox 757 2347 1097 2430; x_wconf 88' lang='grc' dir='ltr'><strong><em>μονογενῆ</em></strong></span> <span class='ocrx_word' id='word_1_177' title='bbox 1143 2348 1269 2414; x_wconf 91' lang='grc' dir='ltr'><strong><em>τοῦ</em></strong></span> <span class='ocrx_word' id='word_1_178' title='bbox 1310 2349 1507 2426; x_wconf 86' lang='grc' dir='ltr'><strong><em>θεοῦ,</em></strong></span> <span class='ocrx_word' id='word_1_179' title='bbox 1567 2349 1680 2414; x_wconf 85' lang='grc' dir='ltr'><strong><em>καὶ</em></strong></span> <span class='ocrx_word' id='word_1_180' title='bbox 1740 2339 1953 2432; x_wconf 85' lang='grc' dir='ltr'><strong><em>λόγον</em></strong></span> <span class='ocrx_word' id='word_1_181' title='bbox 1996 2349 2067 2415; x_wconf 84' lang='grc' dir='ltr'><strong><em>δὲ</em></strong></span> <span class='ocrx_word' id='word_1_182' title='bbox 2111 2338 2327 2414; x_wconf 75' lang='grc' dir='ltr'><strong><em>αὐτὸν</em></strong></span> <span class='ocrx_word' id='word_1_183' title='bbox 2370 2339 2659 2430; x_wconf 75' lang='grc' dir='ltr'><strong><em>ἀκριβῶς</em></strong></span> <span class='ocrx_word' id='word_1_184' title='bbox 2702 2346 2889 2429; x_wconf 83' lang='grc' dir='ltr'><strong><em>ἲσμεν</em></strong></span> <span class='ocrx_word' id='word_1_185' title='bbox 2934 2337 3055 2428; x_wconf 83' lang='grc' dir='ltr'><strong><em>ούχ</em></strong></span> 
     </span>
     <span class='ocr_line' id='line_1_20' title="bbox 433 2433 3055 2531; baseline -0.001 -19"><span class='ocrx_word' id='word_1_186' title='bbox 433 2433 676 2530; x_wconf 76' lang='grc' dir='ltr'><strong><em>ὅμοιον</em></strong></span> <span class='ocrx_word' id='word_1_187' title='bbox 718 2448 820 2530; x_wconf 79' lang='grc' dir='ltr'><strong><em>τῷ</em></strong></span> <span class='ocrx_word' id='word_1_188' title='bbox 865 2445 1006 2529; x_wconf 87' lang='grc' dir='ltr'><strong><em>&lt;ἐν&gt;</em></strong></span> <span class='ocrx_word' id='word_1_189' title='bbox 1062 2437 1493 2529; x_wconf 73' lang='grc' dir='ltr'><strong><em>ἀνθρώποις,</em></strong></span> <span class='ocrx_word' id='word_1_190' title='bbox 1553 2437 1704 2513; x_wconf 74' lang='grc' dir='ltr'><strong><em>ἀλλ’</em></strong></span> <span class='ocrx_word' id='word_1_191' title='bbox 1751 2443 1903 2514; x_wconf 81' lang='grc' dir='ltr'><strong><em>οἶον</em></strong></span> <span class='ocrx_word' id='word_1_192' title='bbox 1962 2439 2289 2531; x_wconf 87' lang='grc' dir='ltr'><strong><em>προσήκει</em></strong></span> <span class='ocrx_word' id='word_1_193' title='bbox 2348 2459 2533 2514; x_wconf 87' lang='grc' dir='ltr'><strong><em>νοεῖν</em></strong></span> <span class='ocrx_word' id='word_1_194' title='bbox 2592 2447 2761 2511; x_wconf 86' lang='grc' dir='ltr'><strong><em>θεοῦ</em></strong></span> <span class='ocrx_word' id='word_1_195' title='bbox 2824 2436 3055 2527; x_wconf 89' lang='grc' dir='ltr'><strong><em>λόγον,</em></strong></span> 
     </span>
     <span class='ocr_line' id='line_1_21' title="bbox 329 2536 3058 2631; baseline -0 -22"><span class='ocrx_word' id='word_1_196' title='bbox 329 2552 400 2609; x_wconf 87' lang='grc'><strong><em>20</em></strong></span> <span class='ocrx_word' id='word_1_197' title='bbox 435 2546 666 2626; x_wconf 78' lang='grc' dir='ltr'><strong><em>ζῶντα</em></strong></span> <span class='ocrx_word' id='word_1_198' title='bbox 723 2546 834 2610; x_wconf 81' lang='grc' dir='ltr'><strong><em>καὶ</em></strong></span> <span class='ocrx_word' id='word_1_199' title='bbox 893 2536 1260 2628; x_wconf 79' lang='grc' dir='ltr'><strong><em>ύφεστῶτα</em></strong></span> <span class='ocrx_word' id='word_1_200' title='bbox 1318 2548 1432 2612; x_wconf 88' lang='grc' dir='ltr'><strong><em>καὶ</em></strong></span> <span class='ocrx_word' id='word_1_201' title='bbox 1491 2538 1657 2611; x_wconf 75' lang='grc' dir='ltr'><strong><em>υἱόν.</em></strong></span> <span class='ocrx_word' id='word_1_202' title='bbox 1761 2536 1800 2613; x_wconf 91' lang='grc' dir='ltr'><strong><em>ὁ</em></strong></span> <span class='ocrx_word' id='word_1_203' title='bbox 1862 2546 1934 2612; x_wconf 84' lang='grc' dir='ltr'><strong><em>δὲ</em></strong></span> <span class='ocrx_word' id='word_1_204' title='bbox 1994 2538 2205 2630; x_wconf 79' lang='grc' dir='ltr'><strong><em>λόγον</em></strong></span> <span class='ocrx_word' id='word_1_205' title='bbox 2264 2539 2680 2631; x_wconf 87' lang='grc' dir='ltr'><strong><em>σημαντικὸν</em></strong></span> <span class='ocrx_word' id='word_1_206' title='bbox 2735 2547 2847 2610; x_wconf 85' lang='grc' dir='ltr'><strong><em>καὶ</em></strong></span> <span class='ocrx_word' id='word_1_207' title='bbox 2910 2545 3058 2609; x_wconf 91' lang='grc' dir='ltr'><strong><em>τῶν</em></strong></span> 
     </span>
     <span class='ocr_line' id='line_1_22' title="bbox 433 2633 3053 2730; baseline 0.001 -21"><span class='ocrx_word' id='word_1_208' title='bbox 433 2645 806 2728; x_wconf 83' lang='grc' dir='ltr'><strong><em>πρακτέων</em></strong></span> <span class='ocrx_word' id='word_1_209' title='bbox 847 2637 1394 2729; x_wconf 84' lang='grc' dir='ltr'><strong><em>παραγγελτικὸν</em></strong></span> <span class='ocrx_word' id='word_1_210' title='bbox 1437 2641 1745 2730; x_wconf 79' lang='grc' dir='ltr'><strong><em>εἰσάγων,</em></strong></span> <span class='ocrx_word' id='word_1_211' title='bbox 1788 2639 2074 2725; x_wconf 80' lang='grc' dir='ltr'><strong><em>εἰκότως</em></strong></span> <span class='ocrx_word' id='word_1_212' title='bbox 2104 2639 2309 2713; x_wconf 80' lang='grc' dir='ltr'><strong><em>ὤκνει</em></strong></span> <span class='ocrx_word' id='word_1_213' title='bbox 2338 2638 2467 2713; x_wconf 85' lang='grc' dir='ltr'><strong><em>τὸν</em></strong></span> <span class='ocrx_word' id='word_1_214' title='bbox 2493 2639 2645 2712; x_wconf 76' lang='grc' dir='ltr'><strong><em>υἱὸν</em></strong></span> <span class='ocrx_word' id='word_1_215' title='bbox 2676 2633 3053 2728; x_wconf 85' lang='grc' dir='ltr'><strong><em>ὁμολογεῖν,</em></strong></span> 
     </span>
     <span class='ocr_line' id='line_1_23' title="bbox 435 2732 1302 2831; baseline 0.002 -21"><span class='ocrx_word' id='word_1_216' title='bbox 435 2732 520 2811; x_wconf 75' lang='grc' dir='ltr'><strong><em>ὃν</em></strong></span> <span class='ocrx_word' id='word_1_217' title='bbox 563 2735 750 2830; x_wconf 81' lang='grc' dir='ltr'><strong><em>αύτῷ</em></strong></span> <span class='ocrx_word' id='word_1_218' title='bbox 797 2741 969 2831; x_wconf 78' lang='grc' dir='ltr'><strong><em>ἔργῳ</em></strong></span> <span class='ocrx_word' id='word_1_219' title='bbox 1013 2742 1302 2829; x_wconf 88' lang='grc' dir='ltr'><strong><em>ἠρνεῖτο.</em></strong></span> 
     </span>
     <span class='ocr_line' id='line_1_24' title="bbox 601 2836 3388 2939; baseline -0.001 -26"><span class='ocrx_word' id='word_1_220' title='bbox 601 2846 684 2913; x_wconf 79' lang='grc'><strong><em>25</em></strong></span> <span class='ocrx_word' id='word_1_221' title='bbox 743 2838 889 2910; x_wconf 80' lang='grc' dir='ltr'><strong><em>εἶτα</em></strong></span> <span class='ocrx_word' id='word_1_222' title='bbox 949 2846 1062 2911; x_wconf 90' lang='grc' dir='ltr'><strong><em>καὶ</em></strong></span> <span class='ocrx_word' id='word_1_223' title='bbox 1123 2836 1327 2923; x_wconf 88' lang='grc' dir='ltr'><strong><em>αύτός</em></strong></span> <span class='ocrx_word' id='word_1_224' title='bbox 1389 2843 1612 2931; x_wconf 75' lang='grc' dir='ltr'><strong><em>ἑαυτῷ</em></strong></span> <span class='ocrx_word' id='word_1_225' title='bbox 1675 2836 2009 2913; x_wconf 74' lang='grc' dir='ltr'><strong><em>τάναντία</em></strong></span> <span class='ocrx_word' id='word_1_226' title='bbox 2068 2840 2355 2932; x_wconf 90' lang='grc' dir='ltr'><strong><em>γράφων</em></strong></span> <span class='ocrx_word' id='word_1_227' title='bbox 2399 2836 2523 2913; x_wconf 78' lang='grc' dir='ltr'><strong><em>οῦκ</em></strong></span> <span class='ocrx_word' id='word_1_228' title='bbox 2566 2843 2894 2911; x_wconf 81' lang='grc' dir='ltr'><strong><em>αἴσθεται.</em></strong></span> <span class='ocrx_word' id='word_1_229' title='bbox 2978 2844 3053 2910; x_wconf 88' lang='grc' dir='ltr'><strong><em>ἐν</em></strong></span> <span class='ocrx_word' id='word_1_230' title='bbox 3122 2847 3277 2939; x_wconf 82' lang='grc' dir='ltr'><strong><em>ὁπως</em></strong></span> <span class='ocrx_word' id='word_1_231' title='bbox 3336 2852 3388 2922; x_wconf 87' lang='grc' dir='ltr'><strong><em>ὁ]</em></strong></span> 
     </span>
     <span class='ocr_line' id='line_1_25' title="bbox 436 2918 3287 3031; baseline 0 -22"><span class='ocrx_word' id='word_1_232' title='bbox 436 2940 693 3026; x_wconf 79' lang='grc' dir='ltr'><strong><em>ἑτέροις</em></strong></span> <span class='ocrx_word' id='word_1_233' title='bbox 732 2944 858 3028; x_wconf 80' lang='grc' dir='ltr'><strong><em>μὲν</em></strong></span> <span class='ocrx_word' id='word_1_234' title='bbox 900 2966 1025 3029; x_wconf 89' lang='grc' dir='ltr'><strong><em>γαρ</em></strong></span> <span class='ocrx_word' id='word_1_235' title='bbox 1077 2946 1540 3028; x_wconf 79' lang='grc' dir='ltr'><strong><em>διισχυρίζεται</em></strong></span> <span class='ocrx_word' id='word_1_236' title='bbox 1599 2945 1854 3031; x_wconf 78' lang='grc' dir='ltr'><strong><em>μηδένα</em></strong></span> <span class='ocrx_word' id='word_1_237' title='bbox 1906 2946 2035 3013; x_wconf 92' lang='grc' dir='ltr'><strong><em>τοῦ</em></strong></span> <span class='ocrx_word' id='word_1_238' title='bbox 2092 2947 2439 3029; x_wconf 84' lang='grc' dir='ltr'><strong><em>προτέρου</em></strong></span> <span class='ocrx_word' id='word_1_239' title='bbox 2499 2946 2669 3012; x_wconf 87' lang='grc' dir='ltr'><strong><em>λαοῦ</em></strong></span> <span class='ocrx_word' id='word_1_240' title='bbox 2728 2937 2815 3011; x_wconf 80' lang='grc' dir='ltr'><strong><em>τὰ</em></strong></span> <span class='ocrx_word' id='word_1_241' title='bbox 2874 2938 3050 3010; x_wconf 78' lang='grc' dir='ltr'><strong><em>κατὰ</em></strong></span> <span class='ocrx_word' id='word_1_242' title='bbox 3087 2918 3287 3009; x_wconf 55' lang='grc' dir='ltr'><strong><em>αἰπὺς</em></strong></span> 
     </span>
    </p>
   </div>
   <div class='ocr_carea' id='block_1_3' title="bbox 334 2940 3421 3130">
    <p class='ocr_par' dir='ltr' id='par_1_3' title="bbox 334 2940 3421 3130">
     <span class='ocr_line' id='line_1_26' title="bbox 334 2940 3421 3130; baseline 0.001 -21"><span class='ocrx_word' id='word_1_243' title='bbox 334 3056 400 3112; x_wconf 84' lang='grc'><strong><em>25</em></strong></span> <span class='ocrx_word' id='word_1_244' title='bbox 433 3036 564 3109; x_wconf 85' lang='grc' dir='ltr'><strong><em>τὸν</em></strong></span> <span class='ocrx_word' id='word_1_245' title='bbox 609 3034 816 3126; x_wconf 79' lang='grc' dir='ltr'><strong><em>λόγον</em></strong></span> <span class='ocrx_word' id='word_1_246' title='bbox 858 3043 1252 3127; x_wconf 87' lang='grc' dir='ltr'><strong><em>ἐγνωκέναι,</em></strong></span> <span class='ocrx_word' id='word_1_247' title='bbox 1296 3039 1668 3130; x_wconf 88' lang='grc' dir='ltr'><strong><em>μυστήριον</em></strong></span> <span class='ocrx_word' id='word_1_248' title='bbox 1709 3040 1836 3129; x_wconf 83' lang='grc' dir='ltr'><strong><em>γὰρ</em></strong></span> <span class='ocrx_word' id='word_1_249' title='bbox 1881 3042 2053 3112; x_wconf 85' lang='grc' dir='ltr'><strong><em>εἶναι</em></strong></span> <span class='ocrx_word' id='word_1_250' title='bbox 2094 3036 2727 3130; x_wconf 80' lang='grc' dir='ltr'><strong><em>άποκεκρυμΙμένον.</em></strong></span> <span class='ocrx_word' id='word_1_251' title='bbox 2813 3036 3053 3128; x_wconf 86' lang='grc' dir='ltr'><strong><em>γράφει</em></strong></span> <span class='ocrx_word' id='word_1_252' title='bbox 3087 2940 3421 3112; x_wconf 35' lang='lat' dir='ltr'><strong><em>{hagan</em></strong></span> 
     </span>
    </p>
   </div>
   <div class='ocr_carea' id='block_1_4' title="bbox 339 3120 3387 4026">
    <p class='ocr_par' dir='ltr' id='par_1_4' title="bbox 433 3120 3387 3529">
     <span class='ocr_line' id='line_1_27' title="bbox 433 3120 3387 3225; baseline 0.001 -17"><span class='ocrx_word' id='word_1_253' title='bbox 433 3143 508 3208; x_wconf 74' lang='grc' dir='ltr'><strong><em>δὲ</em></strong></span> <span class='ocrx_word' id='word_1_254' title='bbox 554 3129 688 3207; x_wconf 83' lang='grc' dir='ltr'><strong><em>ῶδε</em></strong></span> <span class='ocrx_word' id='word_1_255' title='bbox 730 3133 964 3220; x_wconf 85' lang='grc' dir='ltr'><strong><em>αύταῖς</em></strong></span> <span class='ocrx_word' id='word_1_256' title='bbox 1006 3145 1264 3225; x_wconf 74' lang='grc' dir='ltr'><strong><em>λέξεσιν</em></strong></span> <span class='ocrx_word' id='word_1_257' title='bbox 3123 3120 3387 3195; x_wconf 63' lang='grc' dir='ltr'><em>ἔγραφεν·</em></span> 
     </span>
     <span class='ocr_line' id='line_1_28' title="bbox 562 3232 3053 3359; baseline 0 -52"><span class='ocrx_word' id='word_1_258' title='bbox 562 3240 700 3325; x_wconf 88' lang='lat' dir='ltr'>(Nr.</span> <span class='ocrx_word' id='word_1_259' title='bbox 741 3241 852 3327; x_wconf 84' lang='grc'><strong><em>45)</em></strong></span> <span class='ocrx_word' id='word_1_260' title='bbox 906 3246 974 3309; x_wconf 88' lang='grc' dir='ltr'><strong><em>τί</em></strong></span> <span class='ocrx_word' id='word_1_261' title='bbox 1027 3238 1154 3327; x_wconf 83' lang='grc' dir='ltr'><strong><em>γὰρ</em></strong></span> <span class='ocrx_word' id='word_1_262' title='bbox 1197 3232 1511 3359; x_wconf 50' lang='grc' dir='ltr'><strong><em>ἕτερονςς</em></strong></span> <span class='ocrx_word' id='word_1_263' title='bbox 1477 3268 1562 3329; x_wconf 89' lang='grc' dir='ltr'><strong><em>ην</em></strong></span> <span class='ocrx_word' id='word_1_264' title='bbox 1606 3235 2204 3328; x_wconf 76' lang='grc' dir='ltr'><strong><em>ἀποκεκρυμμένον</em></strong></span> <span class='ocrx_word' id='word_1_265' title='bbox 2247 3235 2619 3328; x_wconf 90' lang='grc' dir='ltr'><strong><em>μυστήριον</em></strong></span> <span class='ocrx_word' id='word_1_266' title='bbox 2662 3266 2703 3327; x_wconf 92' lang='grc' dir='ltr'><strong><em>η</em></strong></span> <span class='ocrx_word' id='word_1_267' title='bbox 2752 3238 2833 3309; x_wconf 87' lang='grc' dir='ltr'><strong><em>τὸ</em></strong></span> <span class='ocrx_word' id='word_1_268' title='bbox 2876 3237 3053 3309; x_wconf 83' lang='grc' dir='ltr'><strong><em>κατὰ</em></strong></span> 
     </span>
     <span class='ocr_line' id='line_1_29' title="bbox 563 3331 3053 3429; baseline 0 -22"><span class='ocrx_word' id='word_1_269' title='bbox 563 3334 690 3407; x_wconf 85' lang='grc' dir='ltr'><strong><em>τὸν</em></strong></span> <span class='ocrx_word' id='word_1_270' title='bbox 731 3335 974 3426; x_wconf 79' lang='grc' dir='ltr'><strong><em>λόγον;</em></strong></span> <span class='ocrx_word' id='word_1_271' title='bbox 1034 3332 1260 3420; x_wconf 71' lang='grc' dir='ltr'><strong><em>οὕτως</em></strong></span> <span class='ocrx_word' id='word_1_272' title='bbox 1311 3345 1382 3412; x_wconf 84' lang='grc' dir='ltr'><strong><em>δὲ</em></strong></span> <span class='ocrx_word' id='word_1_273' title='bbox 1427 3331 1512 3429; x_wconf 85' lang='grc' dir='ltr'><strong><em>ἦν</em></strong></span> <span class='ocrx_word' id='word_1_274' title='bbox 1555 3335 2155 3428; x_wconf 76' lang='grc' dir='ltr'><strong><em>ἀποκεκρυμμένον</em></strong></span> <span class='ocrx_word' id='word_1_275' title='bbox 2198 3345 2273 3409; x_wconf 83' lang='grc' dir='ltr'><strong><em>ἐν</em></strong></span> <span class='ocrx_word' id='word_1_276' title='bbox 2312 3345 2416 3427; x_wconf 83' lang='grc' dir='ltr'><strong><em>τῷ</em></strong></span> <span class='ocrx_word' id='word_1_277' title='bbox 2460 3344 2604 3426; x_wconf 85' lang='grc' dir='ltr'><strong><em>θεῷ</em></strong></span> <span class='ocrx_word' id='word_1_278' title='bbox 2652 3343 2847 3409; x_wconf 82' lang='grc' dir='ltr'><strong><em>τουτὶ</em></strong></span> <span class='ocrx_word' id='word_1_279' title='bbox 2889 3333 3053 3423; x_wconf 89' lang='grc' dir='ltr'><strong><em>πρό-</em></strong></span> 
     </span>
     <span class='ocr_line' id='line_1_30' title="bbox 564 3435 3051 3529; baseline 0 -22"><span class='ocrx_word' id='word_1_280' title='bbox 564 3464 766 3525; x_wconf 87' lang='grc' dir='ltr'><strong><em>τερον</em></strong></span> <span class='ocrx_word' id='word_1_281' title='bbox 810 3435 892 3508; x_wconf 83' lang='grc' dir='ltr'><strong><em>τὸ</em></strong></span> <span class='ocrx_word' id='word_1_282' title='bbox 934 3435 1333 3527; x_wconf 86' lang='grc' dir='ltr'><strong><em>μυστήριον,</em></strong></span> <span class='ocrx_word' id='word_1_283' title='bbox 1395 3436 1574 3510; x_wconf 89' lang='grc' dir='ltr'><strong><em>ω’στε</em></strong></span> <span class='ocrx_word' id='word_1_284' title='bbox 1631 3444 1885 3529; x_wconf 80' lang='grc' dir='ltr'><strong><em>μηδένα</em></strong></span> <span class='ocrx_word' id='word_1_285' title='bbox 1929 3444 2054 3509; x_wconf 87' lang='grc' dir='ltr'><strong><em>τοῦ</em></strong></span> <span class='ocrx_word' id='word_1_286' title='bbox 2095 3446 2437 3528; x_wconf 81' lang='grc' dir='ltr'><strong><em>προτέρου</em></strong></span> <span class='ocrx_word' id='word_1_287' title='bbox 2479 3443 2651 3510; x_wconf 82' lang='grc' dir='ltr'><strong><em>λαοῦ</em></strong></span> <span class='ocrx_word' id='word_1_288' title='bbox 2692 3442 2923 3523; x_wconf 80' lang='grc' dir='ltr'><strong><em>σαφῶς</em></strong></span> <span class='ocrx_word' id='word_1_289' title='bbox 2966 3436 3051 3508; x_wconf 80' lang='grc' dir='ltr'><strong><em>τὰ</em></strong></span> 
     </span>
    </p>

    <p class='ocr_par' dir='ltr' id='par_1_5' title="bbox 339 3533 3055 3627">
     <span class='ocr_line' id='line_1_31' title="bbox 339 3533 3055 3627; baseline -0.002 -19"><span class='ocrx_word' id='word_1_290' title='bbox 339 3552 406 3608; x_wconf 83' lang='grc'><strong><em>30</em></strong></span> <span class='ocrx_word' id='word_1_291' title='bbox 563 3536 738 3608; x_wconf 79' lang='grc' dir='ltr'><strong><em>κατὰ</em></strong></span> <span class='ocrx_word' id='word_1_292' title='bbox 783 3534 912 3607; x_wconf 85' lang='grc' dir='ltr'><strong><em>τὸν</em></strong></span> <span class='ocrx_word' id='word_1_293' title='bbox 955 3536 1165 3626; x_wconf 85' lang='grc' dir='ltr'><strong><em>λόγον</em></strong></span> <span class='ocrx_word' id='word_1_294' title='bbox 1219 3543 1490 3623; x_wconf 82' lang='grc' dir='ltr'><strong><em>εἰδέναι,</em></strong></span> <span class='ocrx_word' id='word_1_295' title='bbox 1553 3534 1704 3611; x_wconf 72' lang='grc' dir='ltr'><strong><em>ἀλλ’</em></strong></span> <span class='ocrx_word' id='word_1_296' title='bbox 1765 3534 1937 3627; x_wconf 79' lang='grc' dir='ltr'><strong><em>ἡμᾶς</em></strong></span> <span class='ocrx_word' id='word_1_297' title='bbox 1998 3544 2125 3610; x_wconf 88' lang='grc' dir='ltr'><strong><em>τοῦ</em></strong></span> <span class='ocrx_word' id='word_1_298' title='bbox 2183 3535 2491 3609; x_wconf 84' lang='grc' dir='ltr'><strong><em>πλούτου</em></strong></span> <span class='ocrx_word' id='word_1_299' title='bbox 2536 3541 2659 3625; x_wconf 80' lang='grc' dir='ltr'><strong><em>τῆς</em></strong></span> <span class='ocrx_word' id='word_1_300' title='bbox 2702 3533 2902 3625; x_wconf 73' lang='grc' dir='ltr'><strong><em>δόξης</em></strong></span> <span class='ocrx_word' id='word_1_301' title='bbox 2943 3540 3055 3606; x_wconf 90' lang='grc' dir='ltr'><strong><em>καὶ</em></strong></span> 
     </span>
    </p>

    <p class='ocr_par' dir='ltr' id='par_1_6' title="bbox 565 3631 2369 3727">
     <span class='ocr_line' id='line_1_32' title="bbox 565 3631 2369 3727; baseline 0.002 -24"><span class='ocrx_word' id='word_1_302' title='bbox 565 3643 692 3707; x_wconf 83' lang='grc' dir='ltr'><strong><em>τοῦ</em></strong></span> <span class='ocrx_word' id='word_1_303' title='bbox 733 3631 1330 3727; x_wconf 75' lang='grc' dir='ltr'><strong><em>ἀποκεκρυμμένου</em></strong></span> <span class='ocrx_word' id='word_1_304' title='bbox 1369 3646 1741 3727; x_wconf 87' lang='grc' dir='ltr'><strong><em>μυστηρίου</em></strong></span> <span class='ocrx_word' id='word_1_305' title='bbox 1786 3634 2159 3709; x_wconf 73' lang='grc' dir='ltr'><strong><em>ἀπολαύειν</em></strong></span> <span class='ocrx_word' id='word_1_306' title='bbox 2203 3645 2369 3707; x_wconf 91' lang='grc' dir='ltr'><strong><em>νυνί.</em></strong></span> 
     </span>
    </p>

    <p class='ocr_par' dir='ltr' id='par_1_7' title="bbox 435 3727 3057 4026">
     <span class='ocr_line' id='line_1_33' title="bbox 435 3727 1126 3825; baseline -0.001 -18"><span class='ocrx_word' id='word_1_307' title='bbox 435 3741 548 3807; x_wconf 86' lang='grc' dir='ltr'><strong><em>καὶ</em></strong></span> <span class='ocrx_word' id='word_1_308' title='bbox 592 3727 792 3819; x_wconf 79' lang='grc' dir='ltr'><strong><em>αὖθις</em></strong></span> <span class='ocrx_word' id='word_1_309' title='bbox 835 3740 1126 3825; x_wconf 82' lang='grc' dir='ltr'><strong><em>ἐπιλέγει</em></strong></span> 
     </span>
     <span class='ocr_line' id='line_1_34' title="bbox 564 3829 3057 3926; baseline -0 -20"><span class='ocrx_word' id='word_1_310' title='bbox 564 3839 702 3921; x_wconf 88' lang='lat' dir='ltr'>(Nr.</span> <span class='ocrx_word' id='word_1_311' title='bbox 743 3844 848 3922; x_wconf 82' lang='lat'><strong><em>46)</em></strong></span> <span class='ocrx_word' id='word_1_312' title='bbox 894 3832 934 3907; x_wconf 87' lang='grc' dir='ltr'><strong><em>ὁ</em></strong></span> <span class='ocrx_word' id='word_1_313' title='bbox 978 3841 1050 3907; x_wconf 82' lang='grc' dir='ltr'><strong><em>δὲ</em></strong></span> <span class='ocrx_word' id='word_1_314' title='bbox 1093 3835 1268 3923; x_wconf 82' lang='grc' dir='ltr'><strong><em>ἱερὸς</em></strong></span> <span class='ocrx_word' id='word_1_315' title='bbox 1311 3832 1697 3920; x_wconf 81' lang='grc' dir='ltr'><strong><em>άπόστολός</em></strong></span> <span class='ocrx_word' id='word_1_316' title='bbox 1740 3864 1816 3908; x_wconf 86' lang='grc' dir='ltr'><strong><em>τε</em></strong></span> <span class='ocrx_word' id='word_1_317' title='bbox 1845 3844 1957 3907; x_wconf 81' lang='grc' dir='ltr'><strong><em>καὶ</em></strong></span> <span class='ocrx_word' id='word_1_318' title='bbox 1986 3834 2301 3926; x_wconf 84' lang='grc' dir='ltr'><strong><em>μαθητὴς</em></strong></span> <span class='ocrx_word' id='word_1_319' title='bbox 2328 3840 2455 3907; x_wconf 92' lang='grc' dir='ltr'><strong><em>τοῦ</em></strong></span> <span class='ocrx_word' id='word_1_320' title='bbox 2482 3842 2717 3921; x_wconf 87' lang='grc' dir='ltr'><strong><em>κυρίου</em></strong></span> <span class='ocrx_word' id='word_1_321' title='bbox 2743 3829 3057 3922; x_wconf 76' lang='grc' dir='ltr'><strong><em>Ἰωάννης</em></strong></span> 
     </span>
     <span class='ocr_line' id='line_1_35' title="bbox 566 3928 3055 4026; baseline -0 -20"><span class='ocrx_word' id='word_1_322' title='bbox 566 3942 802 4022; x_wconf 84' lang='grc' dir='ltr'><strong><em>σαφῶς</em></strong></span> <span class='ocrx_word' id='word_1_323' title='bbox 843 3942 958 4007; x_wconf 83' lang='grc' dir='ltr'><strong><em>καὶ</em></strong></span> <span class='ocrx_word' id='word_1_324' title='bbox 1001 3932 1367 4026; x_wconf 79' lang='grc' dir='ltr'><strong><em>διαρρήδην</em></strong></span> <span class='ocrx_word' id='word_1_325' title='bbox 1411 3940 1484 4006; x_wconf 83' lang='grc' dir='ltr'><strong><em>ἐν</em></strong></span> <span class='ocrx_word' id='word_1_326' title='bbox 1528 3931 1698 4025; x_wconf 83' lang='grc' dir='ltr'><strong><em>άρχῇ</em></strong></span> <span class='ocrx_word' id='word_1_327' title='bbox 1741 3943 1870 4009; x_wconf 88' lang='grc' dir='ltr'><strong><em>τοῦ</em></strong></span> <span class='ocrx_word' id='word_1_328' title='bbox 1898 3932 2285 4025; x_wconf 75' lang='grc' dir='ltr'><strong><em>εὐαγγελίου</em></strong></span> <span class='ocrx_word' id='word_1_329' title='bbox 2328 3932 2685 4017; x_wconf 78' lang='grc' dir='ltr'><strong><em>διδάσκων,</em></strong></span> <span class='ocrx_word' id='word_1_330' title='bbox 2734 3930 2831 4017; x_wconf 80' lang='grc' dir='ltr'><strong><em>ῶς</em></strong></span> <span class='ocrx_word' id='word_1_331' title='bbox 2860 3928 3055 4023; x_wconf 85' lang='grc' dir='ltr'><strong><em>άγνο-</em></strong></span> 
     </span>
    </p>
   </div>
   <div class='ocr_carea' id='block_1_5' title="bbox 439 4155 3058 4329">
    <p class='ocr_par' dir='ltr' id='par_1_8' title="bbox 439 4155 3058 4329">
     <span class='ocr_line' id='line_1_36' title="bbox 611 4155 3058 4224; baseline -0.001 -13"><span class='ocrx_word' id='word_1_332' title='bbox 611 4156 648 4211; x_wconf 87' lang='grc'><strong>2</strong></span> <span class='ocrx_word' id='word_1_333' title='bbox 687 4155 796 4211; x_wconf 76' lang='lat' dir='ltr'><strong>J08.</strong></span> <span class='ocrx_word' id='word_1_334' title='bbox 830 4160 880 4223; x_wconf 82' lang='lat'><strong><em>2,</em></strong></span> <span class='ocrx_word' id='word_1_335' title='bbox 915 4156 949 4210; x_wconf 87' lang='grc'><strong><em>3</em></strong></span> <span class='ocrx_word' id='word_1_336' title='bbox 984 4185 1052 4194; x_wconf 90' lang='grc'><strong>-</strong></span> <span class='ocrx_word' id='word_1_337' title='bbox 1089 4157 1126 4212; x_wconf 79' lang='grc'><strong>8</strong></span> <span class='ocrx_word' id='word_1_338' title='bbox 1163 4157 1271 4211; x_wconf 81' lang='lat' dir='ltr'>Jer.</span> <span class='ocrx_word' id='word_1_339' title='bbox 1307 4156 1358 4224; x_wconf 90' lang='lat'><strong><em>8,</em></strong></span> <span class='ocrx_word' id='word_1_340' title='bbox 1393 4158 1428 4212; x_wconf 81' lang='lat'><strong>9</strong></span> <span class='ocrx_word' id='word_1_341' title='bbox 1461 4186 1528 4195; x_wconf 91' lang='lat'>—</span> <span class='ocrx_word' id='word_1_342' title='bbox 1565 4156 1600 4211; x_wconf 77' lang='grc' dir='ltr'><strong>ὅ</strong></span> <span class='ocrx_word' id='word_1_343' title='bbox 1638 4160 1804 4211; x_wconf 84' lang='lat' dir='ltr'>Amos</span> <span class='ocrx_word' id='word_1_344' title='bbox 1841 4160 1889 4223; x_wconf 83' lang='lat'><strong><em>5,</em></strong></span> <span class='ocrx_word' id='word_1_345' title='bbox 1927 4158 1995 4213; x_wconf 87' lang='grc'><strong><em>10</em></strong></span> <span class='ocrx_word' id='word_1_346' title='bbox 2029 4186 2091 4196; x_wconf 89' lang='grc'>-</span> <span class='ocrx_word' id='word_1_347' title='bbox 2127 4156 2315 4211; x_wconf 82' lang='lat' dir='ltr'><strong>Micha</strong></span> <span class='ocrx_word' id='word_1_348' title='bbox 2347 4160 2397 4223; x_wconf 89' lang='lat'><strong><em>4,</em></strong></span> <span class='ocrx_word' id='word_1_349' title='bbox 2421 4158 2455 4211; x_wconf 82' lang='lat'>2</span> <span class='ocrx_word' id='word_1_350' title='bbox 2489 4186 2556 4193; x_wconf 97' lang='lat'><strong>—</strong></span> <span class='ocrx_word' id='word_1_351' title='bbox 2594 4155 2672 4210; x_wconf 74' lang='lat'><strong><em>13</em></strong></span> <span class='ocrx_word' id='word_1_352' title='bbox 2708 4158 2876 4209; x_wconf 81' lang='lat' dir='ltr'>Amos</span> <span class='ocrx_word' id='word_1_353' title='bbox 2913 4157 2960 4218; x_wconf 84' lang='lat'><strong><em>5,</em></strong></span> <span class='ocrx_word' id='word_1_354' title='bbox 2992 4156 3058 4209; x_wconf 90' lang='grc'><strong><em>10</em></strong></span> 
     </span>
     <span class='ocr_line' id='line_1_37' title="bbox 439 4254 3057 4329; baseline -0.001 -17"><span class='ocrx_word' id='word_1_355' title='bbox 439 4288 506 4295; x_wconf 95' lang='grc'>-</span> <span class='ocrx_word' id='word_1_356' title='bbox 548 4257 623 4312; x_wconf 79' lang='grc'><strong><em>16</em></strong></span> <span class='ocrx_word' id='word_1_357' title='bbox 657 4256 770 4326; x_wconf 82' lang='lat' dir='ltr'><strong>vgl.</strong></span> <span class='ocrx_word' id='word_1_358' title='bbox 805 4258 897 4312; x_wconf 89' lang='lat' dir='ltr'><strong><em>Nr.</em></strong></span> <span class='ocrx_word' id='word_1_359' title='bbox 932 4260 998 4311; x_wconf 89' lang='lat'><strong><em>41</em></strong></span> <span class='ocrx_word' id='word_1_360' title='bbox 1035 4259 1163 4315; x_wconf 82' lang='lat' dir='ltr'><strong>Anf.</strong></span> <span class='ocrx_word' id='word_1_361' title='bbox 1199 4287 1266 4296; x_wconf 90' lang='lat'><strong><em>—-</em></strong></span> <span class='ocrx_word' id='word_1_362' title='bbox 1305 4258 1382 4315; x_wconf 85' lang='lat'><strong><em>18</em></strong></span> <span class='ocrx_word' id='word_1_363' title='bbox 1417 4258 1527 4328; x_wconf 81' lang='lat' dir='ltr'>vgl.</span> <span class='ocrx_word' id='word_1_364' title='bbox 1571 4257 1664 4312; x_wconf 89' lang='lat' dir='ltr'><strong><em>Nr.</em></strong></span> <span class='ocrx_word' id='word_1_365' title='bbox 1701 4260 1784 4313; x_wconf 79' lang='lat'><strong><em>55.</em></strong></span> <span class='ocrx_word' id='word_1_366' title='bbox 1821 4260 1889 4313; x_wconf 80' lang='lat'><strong><em>56</em></strong></span> <span class='ocrx_word' id='word_1_367' title='bbox 1926 4289 1991 4297; x_wconf 89' lang='lat'>—</span> <span class='ocrx_word' id='word_1_368' title='bbox 2046 4258 2125 4313; x_wconf 78' lang='lat'><strong><em>25</em></strong></span> <span class='ocrx_word' id='word_1_369' title='bbox 2162 4258 2301 4329; x_wconf 82' lang='lat' dir='ltr'>Eph.</span> <span class='ocrx_word' id='word_1_370' title='bbox 2338 4260 2386 4325; x_wconf 88' lang='lat'><strong><em>3,</em></strong></span> <span class='ocrx_word' id='word_1_371' title='bbox 2424 4259 2457 4313; x_wconf 89' lang='grc'>9</span> <span class='ocrx_word' id='word_1_372' title='bbox 2493 4286 2557 4297; x_wconf 91' lang='grc'>-</span> <span class='ocrx_word' id='word_1_373' title='bbox 2596 4256 2737 4312; x_wconf 70' lang='lat'>2711*</span> <span class='ocrx_word' id='word_1_374' title='bbox 2765 4254 2903 4326; x_wconf 82' lang='lat' dir='ltr'><strong>Eph.</strong></span> <span class='ocrx_word' id='word_1_375' title='bbox 2938 4256 2989 4321; x_wconf 87' lang='lat'><strong><em>3,</em></strong></span> <span class='ocrx_word' id='word_1_376' title='bbox 3024 4257 3057 4309; x_wconf 90' lang='grc'><strong>9</strong></span> 
     </span>
    </p>
   </div>
   <div class='ocr_carea' id='block_1_6' title="bbox 438 4451 3060 4731">
    <p class='ocr_par' dir='ltr' id='par_1_9' title="bbox 438 4451 3060 4731">
     <span class='ocr_line' id='line_1_38' title="bbox 613 4451 3060 4530; baseline -0.002 -15"><span class='ocrx_word' id='word_1_377' title='bbox 613 4461 650 4515; x_wconf 96' lang='grc'><strong>2</strong></span> <span class='ocrx_word' id='word_1_378' title='bbox 687 4453 772 4528; x_wconf 80' lang='grc' dir='ltr'><strong><em>ἐκ]</em></strong></span> <span class='ocrx_word' id='word_1_379' title='bbox 807 4465 872 4523; x_wconf 65' lang='grc' dir='ltr'><strong><em>-ὶ-</em></strong></span> <span class='ocrx_word' id='word_1_380' title='bbox 908 4456 1021 4530; x_wconf 79' lang='grc' dir='ltr'><strong><em>γὰρ</em></strong></span> <span class='ocrx_word' id='word_1_381' title='bbox 1056 4458 1180 4513; x_wconf 83' lang='lat' dir='ltr'>and.</span> <span class='ocrx_word' id='word_1_382' title='bbox 1218 4460 1294 4513; x_wconf 75' lang='lat' dir='ltr'><strong><em>St.</em></strong></span> <span class='ocrx_word' id='word_1_383' title='bbox 1327 4478 1380 4513; x_wconf 87' lang='lat' dir='ltr'><strong><em>u.</em></strong></span> <span class='ocrx_word' id='word_1_384' title='bbox 1417 4459 1564 4513; x_wconf 85' lang='lat' dir='ltr'><strong><em>LXX</em></strong></span> <span class='ocrx_word' id='word_1_385' title='bbox 1627 4462 1636 4529; x_wconf 90' lang='grc' dir='ltr'>Ι</span> <span class='ocrx_word' id='word_1_386' title='bbox 1699 4456 2069 4529; x_wconf 82' lang='grc' dir='ltr'><strong><em>ἐξελεύσεται]</em></strong></span> <span class='ocrx_word' id='word_1_387' title='bbox 2107 4467 2172 4523; x_wconf 86' lang='grc'><strong><em>-1-</em></strong></span> <span class='ocrx_word' id='word_1_388' title='bbox 2209 4454 2315 4528; x_wconf 72' lang='grc' dir='ltr'><strong><em>ἔφη</em></strong></span> <span class='ocrx_word' id='word_1_389' title='bbox 2352 4456 2477 4512; x_wconf 81' lang='lat' dir='ltr'><strong>and.</strong></span> <span class='ocrx_word' id='word_1_390' title='bbox 2512 4456 2589 4511; x_wconf 75' lang='lat' dir='ltr'><strong><em>St.</em></strong></span> <span class='ocrx_word' id='word_1_391' title='bbox 2650 4458 2661 4525; x_wconf 84' lang='lat' dir='ltr'>l</span> <span class='ocrx_word' id='word_1_392' title='bbox 2724 4457 2765 4513; x_wconf 88' lang='lat'>4</span> <span class='ocrx_word' id='word_1_393' title='bbox 2801 4451 3060 4512; x_wconf 75' lang='grc' dir='ltr'><strong><em>ἑάλωσαν</em></strong></span> 
     </span>
     <span class='ocr_line' id='line_1_39' title="bbox 440 4550 3059 4631; baseline -0.001 -16"><span class='ocrx_word' id='word_1_394' title='bbox 440 4560 568 4616; x_wconf 76' lang='lat' dir='ltr'><strong>and.</strong></span> <span class='ocrx_word' id='word_1_395' title='bbox 607 4560 682 4615; x_wconf 76' lang='lat' dir='ltr'><strong><em>St.</em></strong></span> <span class='ocrx_word' id='word_1_396' title='bbox 719 4556 1002 4631; x_wconf 82' lang='grc' dir='ltr'><strong><em>ἐλάλησαν</em></strong></span> <span class='ocrx_word' id='word_1_397' title='bbox 1041 4561 1090 4615; x_wconf 82' lang='lat' dir='ltr'>V</span> <span class='ocrx_word' id='word_1_398' title='bbox 1155 4562 1162 4628; x_wconf 96' lang='grc' dir='ltr'>Ι</span> <span class='ocrx_word' id='word_1_399' title='bbox 1229 4561 1266 4617; x_wconf 80' lang='lat'><strong>5</strong></span> <span class='ocrx_word' id='word_1_400' title='bbox 1300 4550 1482 4629; x_wconf 76' lang='grc' dir='ltr'><strong><em>Ὠσηὲ]</em></strong></span> <span class='ocrx_word' id='word_1_401' title='bbox 1519 4556 1696 4629; x_wconf 79' lang='grc' dir='ltr'><strong><em>Ἄμὼς</em></strong></span> <span class='ocrx_word' id='word_1_402' title='bbox 1727 4562 1808 4615; x_wconf 79' lang='grc' dir='ltr'><strong><em>ΒΘ</em></strong></span> <span class='ocrx_word' id='word_1_403' title='bbox 1872 4562 1882 4627; x_wconf 92' lang='grc' dir='ltr'>Ι</span> <span class='ocrx_word' id='word_1_404' title='bbox 1947 4556 2053 4630; x_wconf 76' lang='grc' dir='ltr'><strong><em>ἔφη</em></strong></span> <span class='ocrx_word' id='word_1_405' title='bbox 2090 4568 2156 4619; x_wconf 95' lang='grc'>&lt;</span> <span class='ocrx_word' id='word_1_406' title='bbox 2192 4560 2318 4615; x_wconf 76' lang='lat' dir='ltr'><strong>and.</strong></span> <span class='ocrx_word' id='word_1_407' title='bbox 2355 4559 2432 4613; x_wconf 77' lang='lat' dir='ltr'><strong><em>st.</em></strong></span> <span class='ocrx_word' id='word_1_408' title='bbox 2498 4560 2505 4626; x_wconf 96' lang='grc' dir='ltr'>Ι</span> <span class='ocrx_word' id='word_1_409' title='bbox 2575 4557 2652 4614; x_wconf 71' lang='lat'><strong><em>19</em></strong></span> <span class='ocrx_word' id='word_1_410' title='bbox 2687 4554 2749 4613; x_wconf 84' lang='grc' dir='ltr'><strong><em>ἐν</em></strong></span> <span class='ocrx_word' id='word_1_411' title='bbox 2785 4576 2842 4611; x_wconf 87' lang='lat' dir='ltr'>m</span> <span class='ocrx_word' id='word_1_412' title='bbox 2903 4559 2912 4626; x_wconf 92' lang='grc' dir='ltr'>Ι</span> <span class='ocrx_word' id='word_1_413' title='bbox 2980 4559 3059 4613; x_wconf 87' lang='grc'><strong><em>20</em></strong></span> 
     </span>
     <span class='ocr_line' id='line_1_40' title="bbox 438 4658 2549 4731; baseline -0.002 -12"><span class='ocrx_word' id='word_1_414' title='bbox 438 4664 565 4719; x_wconf 74' lang='grc' dir='ltr'><strong><em>καὶ2</em></strong></span> <span class='ocrx_word' id='word_1_415' title='bbox 600 4661 708 4717; x_wconf 80' lang='lat' dir='ltr'><strong><em>We</em></strong></span> <span class='ocrx_word' id='word_1_416' title='bbox 743 4658 824 4728; x_wconf 80' lang='grc' dir='ltr'><strong><em>ὼς</em></strong></span> <span class='ocrx_word' id='word_1_417' title='bbox 858 4661 909 4716; x_wconf 88' lang='lat' dir='ltr'><strong>V</strong></span> <span class='ocrx_word' id='word_1_418' title='bbox 973 4662 983 4729; x_wconf 94' lang='grc' dir='ltr'>Ι</span> <span class='ocrx_word' id='word_1_419' title='bbox 1047 4662 1190 4718; x_wconf 68' lang='grc'><strong><em>283</em></strong></span> <span class='ocrx_word' id='word_1_420' title='bbox 1223 4658 1256 4715; x_wconf 83' lang='grc' dir='ltr'><strong><em>ὁ</em></strong></span> <span class='ocrx_word' id='word_1_421' title='bbox 1293 4670 1360 4722; x_wconf 96' lang='grc'>&lt;</span> <span class='ocrx_word' id='word_1_422' title='bbox 1393 4662 1445 4717; x_wconf 88' lang='lat' dir='ltr'><strong><em>S.</em></strong></span> <span class='ocrx_word' id='word_1_423' title='bbox 1481 4665 1562 4730; x_wconf 85' lang='grc'><strong><em>99,</em></strong></span> <span class='ocrx_word' id='word_1_424' title='bbox 1598 4664 1632 4717; x_wconf 84' lang='grc'>8</span> <span class='ocrx_word' id='word_1_425' title='bbox 1695 4665 1704 4731; x_wconf 88' lang='grc' dir='ltr'>Ι</span> <span class='ocrx_word' id='word_1_426' title='bbox 1771 4662 1845 4718; x_wconf 77' lang='grc'><strong><em>81</em></strong></span> <span class='ocrx_word' id='word_1_427' title='bbox 1888 4658 2435 4730; x_wconf 82' lang='grc' dir='ltr'><strong><em>ἀποκεκαλυμμένου</em></strong></span> <span class='ocrx_word' id='word_1_428' title='bbox 2469 4660 2549 4715; x_wconf 79' lang='lat' dir='ltr'><strong><em>Re</em></strong></span> 
     </span>
    </p>
   </div>
  </div>
 </body>
</html>
