3694 5582
659 462 739 522 40
1841 451 2109 508 Eusebius

783 623 842 688 εί
886 625 1124 688 τοίνυν
1166 623 1379 689 τοῦτο
1421 612 1750 700 πιστεύοι,
1797 610 2053 704 ἀνάγκη
2098 609 2314 688 αύτὸν
2356 611 2627 688 κάκεῖνο
2658 627 3140 708 συνομολογεῖν
3169 608 3281 686 ὅτι
3316 633 3385 688 27

781 715 968 806 πλὴν
1010 722 1181 788 θεοῦ
1222 712 1423 787 οῦδὲν
1465 706 1766 804 ἕτερον
1730 742 1832 804 ην.
1895 714 2072 803 εἶχεν
2099 707 2225 786 οὖν
2258 715 2389 804 τὴν
2419 721 2673 787 οἰκείαν
2717 712 2925 804 δόξαν
2968 711 3007 786 6
3050 712 3275 804 λόγος,

781 845 886 888 ων
927 820 1004 888 ἐν
1044 822 1147 906 τῷ
1191 823 1416 904 πατρί.

657 921 772 986 καὶ
815 921 1032 986 ταῦτα
1076 887 1294 986 είπών
1335 911 1572 1003 ἐπάγει
1611 908 1766 1002 μεθ
1817 915 2015 999 ἕτερα
3310 923 3383 978 28

79 1045 187 1099 77
225 1034 276 1097 (·
312 1020 508 1093 22:24⁸)
587 1029 624 1084 5
781 1019 918 1102 (Nr.
963 1022 1067 1100 93)
1129 1011 1262 1102 τὴν
1321 1018 1641 1136 δοθεῖσαν
1685 1009 1875 1103 αύτῷ
1918 1016 2227 1099 ἐξουσίαν
2267 1009 2601 1102 Ἀστέριος
2650 1011 2895 1098 δόξαν
2944 1010 3276 1103 ὀνομάζει,

781 1121 892 1186 καὶ
937 1110 1021 1186 οῦ
1063 1111 1272 1199 δόξαν
1313 1111 1530 1204 μόνον
1575 1109 1752 1186 ἀλλὰ
1793 1118 1907 1184 καὶ
1948 1109 2453 1240 προκόσμιον
2506 1112 2776 1200 δόξαν,
2840 1110 2963 1186 οῦκ
3013 1118 3279 1186 ἐννοῶν

783 1207 894 1286 ὅτι
934 1211 1142 1304 μήπω
1175 1219 1303 1286 τοῦ
1329 1209 1586 1302 κόσμου
1615 1210 1985 1302 γεγονότος
2014 1208 2267 1286 οὐδὲνί
2244 1216 2483 1303 ε’τερον
2510 1205 2599 1302 ἦν
2626 1213 2810 1304 πλὴν
2848 1219 3021 1286 θεοῦ
3047 1210 3278 1302 μόνου.

655 1309 848 1384 ταῦτ’
911 1313 1127 1384 είπων
1188 1309 1590 1399 Μάρκελλος
1649 1319 1760 1384 καὶ
1821 1309 1951 1382 τὸν
2008 1311 2163 1384 υἱὸν
2222 1309 2307 1386 δι’
2374 1309 2607 1385 αὐτῶν
2678 1309 3275 1403 ἀπαρακαλύπτως
3308 1325 3379 1382 29

655 1408 1144 1503 ἀρνησάμενος,
1205 1415 1316 1482 ἵνα
1376 1407 1545 1502 ἡμᾶς
1609 1408 1901 1501 ἀκριβῶς
1958 1420 2155 1502 πείσῃ
2218 1407 2467 1485 όποτον
2510 1414 2682 1485 εἶναι
2724 1411 2854 1484 τὸν
2894 1409 3109 1501 λόγον
3150 1418 3275 1484 τοῦ

553 1523 620 1578 10
653 1519 823 1583 θεοῦ
877 1507 1176 1599 ἐφρόνει,
1231 1517 1650 1598 σαφέστερον
1700 1515 2010 1600 ἐμφαίνει
2061 1510 2191 1601 τὴν
2234 1510 2545 1586 διάνοιαν
2590 1519 2694 1602 τῷ
2740 1508 3040 1603 ἡμετέρῳ
3086 1508 3275 1600 λόγῳ

653 1607 1039 1698 ἀπεικάζων
1083 1607 1316 1692 αὐτόν,
1360 1607 1446 1682 δι’
1493 1601 1598 1682 ὦν
1641 1617 1863 1684 ταῦτα
1901 1608 2143 1701 γράφει

139 1761 150 1773 .
278 1799 293 1809 ,
381 1739 440 1826 ¹(
482 1760 500 1811 )
779 1715 866 1797 (Ν
871 1739 916 1782 r
947 1718 1052 1798 55)
1099 1708 1328 1798 ω’σπερ
1371 1709 1496 1800 γὰρ
1541 1739 1630 1782 τα
1672 1709 2005 1801 γεγονότα
2047 1707 2279 1783 πάντα
2320 1707 2457 1782 ύπό
2504 1717 2631 1783 τοῦ
2680 1709 2944 1801 πατρὸς
2997 1710 3106 1784 διὰ
3150 1716 3277 1782 τοῦ

290 1802 306 1828 ³
782 1806 992 1898 λόγου
1037 1815 1373 1900 (γέγονεν,
1433 1805 1622 1881 οῦτω
1673 1818 1788 1882 καὶ
1830 1810 1921 1882 τὰ
1964 1807 2294 1900 λεγόμενα
2336 1807 2471 1882 ῦπὸ
2516 1817 2645 1883 τοῦ
2686 1809 2952 1900 πατρὸς
2996 1809 3108 1882 διὰ
3149 1815 3277 1880 τοῦ

777 1905 1016 1999 λόγου>
1061 1918 1472 2000 σημαίνεται.
1557 1907 1668 1978 διὰ
1713 1915 1926 1980 τοῦτο
1972 1909 2097 1998 γὰρ
2139 1915 2251 1981 καὶ
2296 1906 2335 1980 6
2380 1905 2766 1998 ἀγιώτατος
2797 1917 3056 2001 Μωσῆς
3086 1909 3274 1998 ἄγγε-

554 2022 618 2075 15
776 2018 902 2082 λον
943 2013 1250 2080 ἐνταῦθα
1293 2004 1609 2097 ὀνομάζει
1651 2006 1780 2080 τὸν
1811 2005 2041 2098 λόγον,
2088 2002 2199 2081 ὅτι
2229 2005 2313 2080 δι’
2345 2007 2545 2083 οὐδὲν
2576 2012 2811 2100 ’ἕτερον
2840 2007 3078 2098 ἐφάνη,
3124 2004 3270 2080 ἀλλ’

773 2111 887 2179 ἵνα
931 2104 1292 2200 ἀναγγείλῃ
1336 2113 1437 2198 τῷ
1471 2115 1710 2180 Μωσετ
1747 2113 1965 2180 ταῦτα
2010 2101 2181 2198 ὅπερ
2213 2119 2589 2181 λυσιτελεῖν
2626 2128 2773 2194 τοῖς
2814 2113 2988 2192 υἱοῖς
3013 2105 3270 2196 Ἰσραὴλ

774 2204 1139 2298 ἠπίστατο·
1212 2203 1554 2298 ἠπίστατο
1598 2213 1670 2279 δὲ
1714 2217 2091 2282 λυσιτελεῖν
2134 2207 2253 2280 ἕνα
2296 2206 2467 2280 θεὸν
2511 2210 2685 2280 εἶναι
2728 2217 3045 2298 νομίζειν.
3098 2215 3111 2290 Ι
3164 2205 3270 2280 διὸ
3308 2222 3531 2292 30144)

775 2314 888 2380 καὶ
927 2305 1101 2397 πρὸς
1144 2304 1360 2380 αὐτὸν
1406 2307 1579 2396 »ἐγώ
1623 2309 1754 2394 είμι
1798 2302 1836 2378 6
1882 2299 2022 2377 ὢν(
2082 2310 2238 2396 ἔφη,
2300 2309 2413 2377 ἵνα
2470 2312 2725 2398 μηδένα
2775 2307 2972 2390 ἐκτὸς
3025 2309 3273 2378 ἑαυτοῦ

776 2410 1013 2496 ἕτερον
1055 2404 1226 2478 θεὸν
1267 2409 1441 2478 εἶναι
1485 2403 1738 2495 διδάξῃ.
1823 2413 2035 2480 τοῦτο
2080 2411 2216 2495 <δὲ>
2260 2405 2521 2498 ῥᾴδιον,
2567 2409 2767 2496 οἶμαι,
2814 2425 2961 2490 τοῖς
3004 2398 3079 2478 εῦ
3108 2434 3271 2496 φρο-

545 2515 614 2572 20
773 2510 1010 2580 νοῦσιν
1051 2513 1162 2577 καὶ
1192 2503 1331 2578 ἀπὸ
1373 2511 1616 2595 μικροῦ
1658 2534 1846 2588 τινος
1890 2513 2003 2577 καὶ
2046 2513 2373 2578 ταπεινοῦ
2416 2501 2576 2578 καθ’
2614 2503 2785 2597 ἡμᾶς
2824 2512 3267 2596 παραδείγμα-

769 2635 890 2690 τος
933 2614 1209 2697 γνῶναι.
1281 2601 1438 2678 οῦδὲ
1465 2603 1594 2695 γὰρ
1639 2603 1768 2677 τὸν
1811 2612 1939 2678 τοῦ
1980 2602 2369 2696 ἀνθρώπου
2410 2602 2621 2694 λόγον
2652 2603 2927 2696 δυνάμει
2968 2611 3077 2676 καὶ
3106 2603 3267 2678 ύπο·
3302 2627 3373 2680 31

769 2703 999 2778 στάσει
1039 2714 1322 2797 χωρίσαι
1360 2713 1498 2777 τινὶ
1527 2701 1853 2778 δυνατόν·
1896 2709 1971 2778 ἓν
2000 2703 2127 2797 γάρ
2172 2709 2356 2776 ἐστιν
2400 2710 2511 2776 καὶ
2541 2701 2801 2778 ταῦτόν
2846 2712 2950 2796 τῷ
2992 2702 3267 2795 ἀνθρώ·

767 2834 881 2896 πῳ
927 2801 965 2877 6
1011 2802 1241 2894 λόγος,
1292 2813 1405 2878 καὶ
1457 2802 1681 2878 οῦδενὶ
1730 2805 2187 2896 χωριζόμενος
2244 2807 2453 2895 ἑτέρῳ
2499 2801 2541 2895 ἢ
2584 2804 2760 2895 μόνῃ
2805 2814 2890 2895 τῇ
2938 2813 3057 2894 τῆς
3098 2802 3267 2895 πρά-

767 2916 938 2991 ξεως
979 2912 1296 2998 ἐνεργείᾳ.

541 3020 608 3077 25
641 3012 757 3075 καὶ
801 3004 1348 3093 ἐπιδαψιλεύεται
1391 3008 1494 3077 ἔτι
1534 3011 1798 3094 μᾶλλον
1842 3005 1975 3094 τὴν
2018 3000 2229 3076 αὐτοῦ
2274 3001 2587 3076 διάνοιαν
2614 3009 2989 3094 ἐμφαίνων,
3034 3001 3119 3074 δι’
3162 3034 3267 3077 ων

644 3103 795 3193 ἑξῆς
840 3099 1000 3174 τάδε
1043 3110 1253 3193 φησίν

586 3284 594 3296 .
686 3255 726 3303 N
769 3208 904 3290 (Nr.
932 3210 1037 3290 53)
1082 3200 1166 3276 οὗ
1208 3204 1335 3293 γὰρ
1379 3204 1462 3293 δὴ
1505 3204 1737 3290 ἑτέρας
1781 3206 2193 3292 ἓτοιμασίας,
2258 3202 2409 3275 οἷον
2470 3198 2637 3290 ῦλης
2697 3198 2741 3292 ἢ
2802 3201 3013 3294 ἄλλης
3074 3200 3264 3287 τινὸς

509 3262 648 3346 §¹³
765 3296 1230 3393 ἀνθρωπίνης,
1276 3300 1316 3376 6
1361 3302 1525 3387 θεὸς
1567 3307 1785 3375 ἐδεῖτο
1825 3300 2001 3390 πρὸς
2030 3300 2478 3390 κατασκευήν,
2524 3298 2699 3376 ἀλλὰ
2729 3301 2982 3393 ταύτης
3028 3309 3151 3393 τῆς
3188 3308 3265 3375 ἐν

765 3408 852 3491 τῇ
895 3398 1110 3475 αὐτοῦ
1151 3409 1418 3496 διανοία
1463 3404 1865 3493 ἑτοιμασίας.
1938 3406 2082 3473 ἐπεὶ
2126 3392 2251 3473 οῦν
2282 3397 2629 3475 ἀδύνατον
2672 3394 2758 3491 ἦν
2799 3411 3006 3491 χωρὶς
3051 3399 3262 3491 λόγου
3292 3424 3367 3480 32

537 3518 608 3573 30
759 3509 874 3571 καὶ
918 3506 1040 3591 τῆς
1081 3502 1468 3592 προσούσης
1510 3510 1613 3594 τῷ
1659 3499 1844 3591 λόγῳ
1891 3508 2135 3588 σοφίας
2178 3504 2494 3589 ἐννοῆσαι
2537 3508 2690 3590 περὶ
2734 3506 2858 3591 τῆς
2897 3508 3025 3573 τοῦ
3066 3499 3261 3589 ούρα-

761 3606 888 3671 νοῦ
945 3607 1363 3690 κατασκευῆς
1423 3598 1550 3672 τὸν
1609 3599 1809 3684 θεόν,
1874 3598 2161 3683 εἰκότως
2220 3604 2347 3689 ἔφη
2414 3596 2653 3689 »ηνίκα
2712 3597 3073 3692 ἧτοίμαςεν
3134 3600 3262 3673 τὸν

765 3694 1078 3789 οὐρανόν,
1123 3696 1570 3790 συμπαρὴμην
1611 3697 1865 3791 αύτῷι.

636 3806 750 3870 καὶ
793 3806 1248 3887 προστίθησιν
1291 3791 1492 3883 αὖθις
1524 3804 1860 3889 ἐξομοιῶν
1908 3808 2011 3892 τῷ
2042 3796 2473 3889 ἀνθρωπίνῳ
2514 3798 2700 3890 λόγῳ
2746 3800 2873 3873 τὸν
2916 3806 3043 3873 τοῦ
3072 3806 3259 3883 θεοῦ,

638 3903 732 3980 εἰς
775 3898 856 3971 τὸ
901 3905 1108 3985 δεῖξαι
1155 3894 1368 3971 αύτὸν
1413 3895 1914 3985 ἀνυπόστατον,
1958 3897 2203 3990 γράφει
2246 3903 2317 3970 δὲ
2364 3892 2589 3983 οὕτως

463 4076 470 4082 .
535 4014 603 4067 35
763 4000 901 4083 (Nr.
931 4004 1036 4084 56>
1080 4001 1384 4068 ἐνταῦθα
1431 3999 1600 4088 »ἐγώ
1646 4004 1774 4089 εἰμι
1818 3994 1857 4071 6
1902 3991 2043 4071 ὢν(
2101 4004 2275 4086 λέγει
2326 4002 2449 4085 μὲν
2502 4006 2605 4090 τῷ
2652 4006 2890 4070 Μωσετ
2929 3992 2966 4071 6
3010 3995 3255 4087 πατήρ,

763 4102 937 4185 λέγει
980 4102 1052 4167 δὲ
1095 4096 1420 4187 δηλονότι
1463 4096 1574 4170 διὰ
1629 4104 1756 4171 τοῦ
1806 4095 2031 4185 λόγου.
2114 4094 2347 4170 πάντα
2408 4096 2534 4187 γὰρ
2598 4092 2724 4169 ὅσα
2784 4096 2870 4172 ἂν
2932 4092 2970 4169 6
3031 4095 3255 4187 πατὴρ
3288 4118 3361 4173 33

807 4269 846 4324 8
880 4266 1002 4322 Joh.
1041 4270 1124 4333 17,
1157 4270 1192 4323 5
1225 4296 1292 4307 -—
1331 4266 1410 4323 14
1444 4267 1666 4336 Ex.3,2
1703 4298 1767 4308 —
1802 4270 1883 4325 18
1918 4268 2020 4325 Ex.
2038 4268 2087 4329 3,
2110 4270 2176 4323 14
2212 4296 2273 4309 -
2313 4267 2389 4322 81
2430 4266 2588 4323 Prov.
2608 4268 2657 4335 8,
2676 4268 2742 4323 27
2780 4298 2847 4307 --
2885 4268 2963 4325 85
2998 4268 3101 4323 Ex.
3120 4268 3169 4333 3,
3192 4270 3259 4325 14

810 4419 841 4473 1
881 4415 1130 4473 πιστεύει
1163 4433 1192 4470 r
1243 4418 1252 4483 Ι
1308 4417 1535 4473 18-14
1574 4414 2061 4489 γέγονεν-λόγου
2096 4416 2222 4471 and.
2258 4418 2335 4471 st.
2390 4418 2401 4483 Ι
2457 4418 2532 4472 19
2570 4415 2629 4473 δὲ
2652 4418 2779 4473 and.
2804 4418 2879 4474 st.
2935 4420 2945 4488 Ι
3000 4420 3074 4475 27
3115 4414 3254 4475 §toa-

633 4520 846 4588 μασίας
880 4519 1006 4573 and.
1032 4520 1108 4573 St.
1147 4517 1278 4589 (vgl.
1304 4520 1447 4573 auch
1464 4518 1515 4573 S.
1532 4520 1617 4587 42,
1637 4520 1723 4587 30)
1761 4516 2077 4589 ὀνομασίας
2099 4518 2149 4573 V
2202 4520 2211 4587 1
2266 4519 2345 4577 28
2374 4514 2761 4589 ἀνθρωπίνης]
2787 4518 3005 4575 dunat-,h
3028 4518 3255 4577 Lfioke?

633 4620 726 4675 Mo
749 4614 1102 4694 ὑπουργίαςῖ
1125 4620 1204 4674 Re
1243 4623 1254 4689 1
1306 4621 1386 4677 29
1419 4615 1626 4677 ἑαυτοῦ
1661 4620 1785 4675 and.
1811 4620 1889 4675 St„
1942 4623 1953 4689 Ι
2006 4621 2084 4677 88
2115 4620 2155 4673 1.
2190 4614 2535 4688 ἐξομοιοῦνῖ
2588 4621 2599 4687 Ι
2650 4621 2728 4678 85
2765 4616 2881 4691 ἐγώ
2918 4620 2998 4675 V²
3029 4620 3135 4689 μὲν
3170 4620 3255 4675 V*
