3694 5582
1278 507 1470 558 contra
1505 502 1832 558 Marcellum
1870 506 1894 557 I
1932 509 1976 559 1.
2898 519 2931 578 3

248 729 252 732 ,
316 672 758 752 πειρωμένων
810 675 1207 752 προσετίθει
1265 673 1489 755 λέγων
1557 662 1766 738 »ἀλλὰ
1828 675 1939 738 καὶ
2002 668 2120 740 ἐὰν
2174 666 2357 758 ἡμεῖς
2419 666 2461 758 ἢ
2525 670 2805 760 ἄγγελος
2866 675 2935 757 ἐξ

318 761 614 851 ούρανοῦ
655 762 812 854 ύμῖν
869 763 1378 857 εὐαγγελίσηται
1429 764 1588 856 παρ’
1651 761 1688 837 3
1748 764 2317 855 εὐηγγελισάμεθα
2376 769 2559 859 ύμῖν,
2624 767 2933 858 ἀνάθεμα

314 865 547 935 ἔστωι.
635 858 672 934 3
727 865 808 954 δὴ
861 869 1315 951 ἐπαναλαβών
1369 872 1678 952 δευτεροῑ
1721 865 2006 954 φάσκων
2075 897 2207 951 »ως
2266 866 2759 958 προειρήκαμεν
2820 878 2934 940 καὶ
3003 891 3037 942 9

313 961 468 1048 ἄρτι
529 962 742 1036 πάλιν
813 971 1015 1062 λέγω,
1091 970 1149 1036 εἴ
1207 997 1311 1050 τις
1372 963 1539 1054 ὑμᾶς
1601 964 2093 1054 ευαγγελίζεται
2155 965 2309 1056 παρ’
2386 963 2421 1038 3
2494 966 2927 1055 παρελάβετε,

246 1081 275 1132 5
310 1059 619 1150 α’νάθεμα
661 1067 898 1135 ἔστωι.
973 1072 1042 1136 τί
1073 1059 1208 1138 δὲ
1174 1095 1258 1156 ην
1305 1075 1535 1146 τοῦτο,
1579 1095 1716 1154 παρ
1785 1061 1821 1136 3
1870 1065 1993 1138 οῦκ
2038 1059 2123 1154 ἦν
2154 1062 2725 1156 εύαγγελί<ζεσθαι
2759 1068 2929 1141 ἄλλο

310 1159 751 1253 εύαγγέλι>ον,
797 1161 840 1253 ἦ
883 1196 1022 1237 που
1049 1165 1333 1250 πάντως
1380 1163 1547 1239 αύτό
1593 1172 1810 1238 ἐκεῖνο
1860 1159 1896 1236 3
1944 1166 2024 1254 δὴ
2070 1184 2216 1248 τοῖς
2262 1165 2475 1238 αὐτοῦ
2518 1170 2931 1256 παραδιδοὺς

307 1275 652 1352 μαθηταῖς
697 1260 736 1336 ό
785 1267 1018 1356 σωτὴρ
1060 1264 1560 1357 ἀναγέγραπται
1592 1268 1877 1354 εἰρηκώς
1925 1273 2420 1354 »πορευθέντες
2460 1268 2933 1356 μαθητεύσατε

306 1361 536 1434 πάντα
581 1364 667 1436 τὰ
711 1367 911 1454 ἔθνη,
974 1376 1420 1454 βαπτίζοντες
1472 1363 1719 1448 αὐτοὺς
1774 1373 1868 1448 εἰς
1922 1366 2004 1437 τὸ
2060 1359 2277 1455 ὄνομα
2332 1373 2457 1436 τοῦ
2511 1367 2775 1455 πατρὸς
2819 1377 2929 1439 καὶ

309 1471 436 1534 τοῦ
479 1468 632 1536 υἱοῦ
675 1473 788 1534 καὶ
833 1473 958 1538 τοῦ
1001 1463 1196 1554 ἁγίου
1238 1466 1696 1553 πνεύματος«;
1740 1465 2003 1554 ταύτην
2046 1463 2172 1554 γὰρ
2219 1463 2375 1554 ἡμῖν
2405 1466 2535 1554 τὴν
2578 1465 2777 1555 χάριν
2808 1475 2929 1557 τῆς
2970 1487 3037 1540 10

211 1582 271 1634 10
305 1564 625 1651 γνώσεως
687 1571 812 1653 τῆς
873 1562 1064 1654 ἁγίας
1131 1564 1404 1656 τριάδος
1465 1563 1673 1655 μόνος
1733 1561 1940 1646 αὐτὸς
2002 1565 2111 1634 διὰ
2174 1571 2295 1653 τῆς
2346 1573 2668 1655 μυστικῆς
2724 1571 2927 1638 δεδώ-

305 1693 508 1790 ρηται
553 1662 1095 1754 άναγεννήσεως,
1160 1695 1318 1738 ουτε
1367 1672 1670 1747 naam-‘mg
1733 1659 1814 1736 οῖ’.
1820 1694 1892 1735 τε
1946 1673 2331 1752 προφητῶν
2377 1694 2563 1749 τινος
2607 1675 2709 1755 τῷ
2755 1695 2923 1753 προ·

303 1771 486 1852 τέρῳ
521 1771 664 1853 λαῷ
699 1762 958 1854 ταύτην
988 1772 1590 1855 διακονησαμένου·
1620 1762 1810 1854 μόνῳ
1831 1765 1955 1851 γὰρ
1988 1769 2278 1850 ἔπρεπεν
2309 1771 2413 1853 τῷ
2442 1768 2567 1854 υἱῷ
2602 1772 2728 1836 τοῦ
2760 1773 2930 1838 θεοῦ

305 1864 436 1952 τὴν
487 1865 834 1953 πατρικὴν
890 1861 1139 1936 ἅπασιν
1204 1862 1603 1952 ἀνθρώποις
1668 1861 2223 1952 εὐαγγελίσασθαι
2284 1861 2509 1951 χάριν,
2571 1863 2931 1954 ἐπειδήπερ

312 1961 383 2034 »ὁ
433 1961 645 2053 νόμος
676 1964 784 2034 διὰ
817 1973 1122 2048 Μωσέως
1165 1964 1439 2053 ἐδόθηε,
1487 1963 1594 2036 διὰ
1642 1969 1710 2032 δὲ
1755 1963 1973 2048 μόνου
2010 1960 2255 2052 »Ἰησοῦ
2288 1971 2647 2052 Χριστοῦ«,
2695 1963 2791 2046 ὣς
2821 1965 2929 2035 διὰ

211 2088 269 2140 15
310 2072 760 2152 »μονογενοῦς
805 2069 988 2136 υἱοῦ(
1043 2063 1323 2154 [Ἰησοῦ],
1378 2061 1452 2152 »ἡ
1497 2062 1684 2151 χάρις
1728 2071 1836 2134 καὶ
1882 2062 1921 2152 ἦ
1976 2058 2301 2153 ἀλήθεια(
2353 2069 2637 2148 ἐγένετο.
2725 2067 2929 2135 ἔνθεν
2970 2079 3027 2129 11

305 2163 588 2245 εἰκότως
635 2160 670 2234 ὁ
717 2171 840 2253 μὲν
882 2170 1326 2252 παιδαγωγοῦ
1371 2160 1634 2251 τρόπον
1679 2169 1790 2250 30*
1839 2161 2241 2252 νηπιάζοντι
2287 2171 2388 2252 τῷ
2430 2170 2748 2252 προτέρῳ
2783 2171 2927 2252 λαῷ

309 2283 644 2351 »στοιχεῖα
687 2270 812 2352 τῆς
857 2260 1062 2352 ἀρχῆς
1116 2272 1264 2334 τῶν
1317 2271 1442 2335 τοῦ
1499 2271 1700 2332 θεοῦ«
1752 2269 2119 2348 παρεδίδου
2168 2271 2529 2350 »λογίων«,
2576 2271 2930 2334 πολυθέου

299 2369 423 2450 μὲν
469 2359 820 2452 ἅπείργων
873 2363 1164 2453 πλάνης,
1219 2364 1388 2436 θεὸν
1445 2370 1514 2435 δὲ
1568 2361 1933 2451 κηρύττων
1988 2365 2105 2432 ἕνα
2159 2359 2375 2451 μόνον
2420 2368 2682 2434 εἰδέναι.
2764 2361 2804 2451 ἦ
2858 2370 2927 2435 δὲ

299 2460 644 2551 σωτήριος
701 2461 918 2553 χάρις,
989 2462 1444 2553 ῦπερκόσμιόν
1517 2492 1673 2532 τινα
1734 2470 1844 2534 καὶ
1909 2461 2267 2552 ἀγγελικὴν
2329 2459 2485 2552 ἡμῖν
2544 2471 2928 2551 παρέχουσα

201 2580 264 2632 ‘20
298 2569 576 2649 γνῶσιν,
624 2562 704 2633 τὸ
751 2561 962 2635 πάλαι
1008 2573 1110 2654 τῷ
1156 2570 1476 2654 προτέρῳ
1525 2571 1671 2652 λαῷ
1719 2568 2155 2650 σεσιγημένου
2206 2559 2578 2651 μυστήριον
2621 2559 2924 2649 ἀναφαν-

299 2660 422 2732 δὸν
468 2659 942 2748 ἐξεκάλυπτεν,
990 2661 1203 2734 αὐτὸν
1247 2662 1373 2734 τὸν
1405 2667 1712 2734 ἐπέκεινα
1745 2671 1893 2732 τῶν
1926 2656 2115 2733 ὅλων
2146 2661 2337 2737 θεόν,
2385 2663 2509 2734 τὸν
2540 2681 2685 2743 τοϊς
2715 2661 2927 2735 πάλαι

298 2756 706 2851 ἀνθρώποις
749 2769 1198 2851 ἐγνωσμένον,
1253 2763 1426 2835 θεὸν
1478 2755 1610 2852 ἅμα
1668 2771 1780 2834 καὶ
1823 2769 2085 2851 πατέρα
2131 2765 2300 2833 εἶναι
2344 2766 2495 2834 υἱοῦ
2558 2769 2681 2833 τοῦ
2723 2790 2924 2850 μονο-

296 2868 542 2950 γενοῦς
585 2862 1038 2951 κηρύττουσα,
1101 2862 1229 2951 τήν
1283 2894 1358 2935 τε
1411 2872 1538 2935 τοῦ
1590 2858 1782 2949 ἁγίου
1835 2863 2220 2951 πνεύματος
2264 2863 2372 2935 διὰ
2418 2870 2545 2933 τοῦ
2588 2866 2737 2933 υἱοῦ
2781 2884 2923 2945 τοῖς

294 2959 514 3047 ἀξίοις
560 2966 1051 3051 ἐπιχορηγοῦσα
1097 2962 1397 3051 δύναμιν.
1484 2958 1784 3033 αὐτόθεν
1829 2990 1978 3043 πως
2026 2962 2150 3050 τὴν
2196 2958 2393 3051 ἁγίαν
2434 2969 2544 3031 καὶ
2587 2972 2924 3053 μακαρίαν
2962 2985 3026 3037 12

197 3079 260 3131 ⁶25
293 3069 404 3131 καὶ
449 3061 791 3150 μυστικὴν
837 3059 1076 3149 τριάδα
1118 3063 1381 3149 πατρὸς
1424 3070 1534 3133 καὶ
1579 3065 1728 3132 υἱοῦ
1771 3068 1881 3133 καὶ
1929 3058 2123 3149 ἁγίου
2152 3062 2538 3151 πνεύματος
2568 3067 2659 3145 εἰς
2706 3063 2919 3153 σωτή-

295 3189 447 3249 ριον
495 3164 736 3231 ἐλπίδα
781 3160 890 3230 διὰ
937 3168 1058 3280 τῆς
1105 3165 1178 3230 ἐν
1227 3168 1504 3250 Χριστῷ
1548 3157 2059 3250 άναγεννήσεως
2105 3158 2144 3250 ἡ
2184 3170 2191 3249 l
2231 3168 2357 3233 τοῦ
2400 3168 2569 3232 θεοῦ
2610 3166 2922 3252 ἐκκλησία
2958 3186 2999 3239 4

293 3266 789 3347 παραλαβοῦσα
834 3259 1183 3346 φυλάττει.
1261 3268 1370 3331 καὶ
1418 3257 1605 3331 τοῦτ’
1652 3290 1736 3350 ην
1791 3261 1872 3332 τὸ
1928 3258 2341 3348 εὐαγγέλιον,
2402 3254 2437 3329 3
2492 3261 2581 3350 μὴ
2639 3262 2923 3351 θεμιτὸν

293 3361 465 3431 εἶναι
532 3367 1024 3448 μετατίθεσθαι
1090 3366 1216 3439 »εἰς
1280 3362 1513 3448 ἕτερον
1576 3358 1987 3449 εὐαγγέλιον,
2066 3352 2101 3429 3
2176 3356 2301 3429 ούκ
2364 3364 2545 3429 ἔστιν
2608 3360 2814 3431 αλλο(
2884 3357 2920 3430 ὁ

291 3466 500 3547 μέγας
555 3455 945 3541 απόστολος
1005 3464 1204 3529 εἰσέτι
1267 3465 1462 3546 δεῦρο
1513 3458 1851 3540 Γαλάταις
1910 3457 2335 3548 μαρτύρεται,
2400 3458 2506 3529 δια
2570 3488 2689 3548 της
2749 3462 2922 3548 πρὸς

194 3574 258 3627 30
295 3556 554 3640 αυτούς
597 3562 962 3645 ἐπιστολῆς
1015 3564 1202 3641 βοῶν
1268 3588 1432 3629 »καν
1485 3557 1668 3649 ἡμεῖς
1729 3556 1770 3647 ἢ
1835 3558 2113 3646 αγγελος
2174 3563 2243 3643 ἐξ
2305 3554 2599 3646 ούρανοῦ
2659 3556 2921 3648 εὐαγγε-

295 3667 566 3746 λίζηται
625 3654 795 3743 ύμᾶς
854 3653 1014 3745 παρ’
1077 3652 1112 3727 3
1176 3657 1619 3744 παρελάβετε,
1686 3656 1997 3746 ἀνάθεμα
2056 3661 2297 3727 εστωι·
2358 3656 2758 3746 πόρρω-,θεν
2828 3692 2921 3742 ως

295 3757 500 3841 εἰκός,
568 3756 718 3846 μηδ’
775 3756 1169 3839 ἐπισκόποις
1220 3755 1373 3847 μηδ’
1420 3758 1738 3847 ἄρχουσιν
1783 3762 2013 3847 μη<δὲ>
2069 3754 2494 3839 διδασκάλοις
2546 3765 2919 3847 προσε’,χειν

294 3862 348 3925 εἰ
393 3857 526 3929 τὸν
572 3853 798 3945 άληθῆ
843 3863 966 3945 τῆς
1009 3864 1305 3938 πίστεως
1352 3863 1746 3944 διαστρεφοι
1791 3886 1895 3939 τις
1954 3853 2187 3927 αὐτῶν
2244 3853 2479 3945 λόγον,
2535 3858 2921 3930 διαστελλό-

291 3984 515 4041 μενος.
561 3962 664 4037 τίς
708 3951 772 4025 δ’
819 3958 906 4043 ἦν
953 3948 1206 4037 οὗτος·
1204 3954 1306 4046 (η)
1355 3954 1391 4028 ὁ
1438 3957 1608 4029 θεὸν
1653 3964 1915 4043 πατέρα
1961 3959 2204 4027 εἰδέναι
2236 3954 2576 4027 διδάσκων
2619 3966 2729 4028 καὶ
2771 3960 2921 4030 υἱὸν
2957 3986 3023 4039 13

471 4167 504 4222 1
547 4166 790 4231 Ga1.1‚8
825 4199 890 4206 —
929 4169 966 4224 8
1003 4169 1244 4234 Ga1.1,9
1280 4199 1346 4207 —
1383 4168 1414 4223 7
1451 4168 1647 4222 Matth.
1674 4170 1757 4233 28,
1784 4172 1849 4223 19
1883 4199 1949 4207 —-
1992 4168 2110 4225 141
2140 4168 2261 4222 Joh.
2291 4170 2526 4231 1,17.18
2553 4200 2617 4208 —
2641 4172 2710 4225 17
2754 4172 2917 4226 Hebr.

292 4270 452 4334 5,12.
482 4270 547 4323 13
581 4298 648 4306 -
686 4268 768 4324 20
801 4270 958 4323 Βδω.
999 4272 1078 4337 16,
1098 4270 1164 4325 25
1203 4303 1262 4311 -
1302 4270 1374 4325 23
1413 4270 1534 4324 Gal.
1571 4272 1670 4333 3,5
1705 4300 1772 4308 —
1813 4271 1890 4326 28
1930 4271 2050 4325 Gal.
2090 4273 2135 4336 1,
2162 4272 2260 4325 637
2300 4302 2361 4309 —
2400 4272 2475 4325 230
2514 4270 2632 4324 Gal.
2674 4275 2718 4337 1,
2744 4274 2779 4327 8

467 4470 551 4526 51
580 4467 1046 4540 εὐαγγελίζεσθαι
1081 4464 1220 4525 ἄλλο
1258 4468 1589 4539 εὐαγγέλιον
1623 4470 1696 4523 ΚΙ
1721 4472 1834 4540 vgl.
1860 4490 1915 4524 m
1955 4472 1963 4539 Ι
2010 4473 2047 4527 6
2082 4466 2225 4539 JJVG
2256 4474 2263 4539 Ι
2301 4472 2373 4526 15
2400 4492 2452 4525 tv
2488 4480 2555 4530 <
2578 4490 2633 4524 m
2665 4474 2672 4539 Ι
2707 4474 2785 4527 24
2824 4471 2918 4528 αὖ·

289 4572 472 4627 τόθεν
508 4572 600 4626 Μο
638 4568 790 4627 αὐτῶ
829 4570 877 4627 V
925 4574 933 4640 Ι
984 4572 1054 4626 27
1111 4568 1142 4627 ὃ
1177 4589 1262 4625 mr
1297 4564 1366 4628 οὗ
1404 4572 1448 4627 V
1499 4576 1508 4639 Ι
1557 4573 1634 4629 28
1674 4569 1727 4642 ὃ]
1765 4565 1832 4628 οὗ
1869 4574 1980 4641 V²l
2014 4568 2173 4641 ἄλλο]
2239 4580 2303 4637 4-
2340 4566 2419 4637 ὣς
2456 4572 2533 4625 V²
2570 4576 2579 4640 Ι
2623 4573 2696 4627 29
2731 4575 2917 4647 δεῦρο]

290 4670 564 4743 δεύτερον
597 4685 682 4724 mr
713 4673 722 4739 l
753 4672 830 4728 82
866 4672 1008 4742 μηδὲ
1041 4690 1100 4726 m
1128 4678 1136 4741 Ι
1168 4673 1250 4729 34
1283 4672 1320 4741 ἢ
1356 4672 1424 4727 Κ]

2422 4762 2491 4811 1*
