<?xml version="1.0" encoding="UTF-8"?>
<!DOCTYPE html PUBLIC "-//W3C//DTD XHTML 1.0 Transitional//EN"
    "http://www.w3.org/TR/xhtml1/DTD/xhtml1-transitional.dtd">
<html xmlns="http://www.w3.org/1999/xhtml" xml:lang="en" lang="en">
 <head>
  <title>
</title>
<meta http-equiv="Content-Type" content="text/html;charset=utf-8" />
  <meta name='ocr-system' content='tesseract 3.04.00' />
  <meta name='ocr-capabilities' content='ocr_page ocr_carea ocr_par ocr_line ocrx_word'/>
</head>
<body>
  <div class='ocr_page' id='page_1' title='image "./werkevolume00eusegoog/werkevolume00eusegoog_0039.png"; bbox 0 0 3694 5582; ppageno 0'>
   <div class='ocr_carea' id='block_1_1' title="bbox 8 5490 88 5551">
    <p class='ocr_par' dir='ltr' id='par_1_1' title="bbox 8 5490 88 5551">
     <span class='ocr_line' id='line_1_1' title="bbox 8 5490 88 5551; baseline 0.013 -1"><span class='ocrx_word' id='word_1_1' title='bbox 8 5490 12 5550; x_wconf 75' lang='lat' dir='ltr'>i</span> <span class='ocrx_word' id='word_1_2' title='bbox 43 5524 88 5551; x_wconf 70' lang='lat' dir='ltr'><em>A</em></span> 
     </span>
    </p>
   </div>
   <div class='ocr_carea' id='block_1_2' title="bbox 733 485 2183 560">
    <p class='ocr_par' dir='ltr' id='par_1_2' title="bbox 733 485 2183 560">
     <span class='ocr_line' id='line_1_2' title="bbox 733 485 2183 560; baseline -0.003 -16"><span class='ocrx_word' id='word_1_3' title='bbox 733 501 772 560; x_wconf 82' lang='lat'><strong>4</strong></span> <span class='ocrx_word' id='word_1_4' title='bbox 1916 485 2183 541; x_wconf 76' lang='lat' dir='ltr'><strong>Eusebius</strong></span> 
     </span>
    </p>
   </div>
   <div class='ocr_carea' id='block_1_3' title="bbox 647 644 3383 4023">
    <p class='ocr_par' dir='ltr' id='par_1_3' title="bbox 647 644 3383 4023">
     <span class='ocr_line' id='line_1_3' title="bbox 741 644 3363 741; baseline -0.004 -17"><span class='ocrx_word' id='word_1_5' title='bbox 741 661 913 724; x_wconf 90' lang='grc' dir='ltr'><em>θεοῦ</em></span> <span class='ocrx_word' id='word_1_6' title='bbox 957 652 1369 741; x_wconf 78' lang='grc' dir='ltr'><em>γιγνώσκειν</em></span> <span class='ocrx_word' id='word_1_7' title='bbox 1411 651 1824 740; x_wconf 79' lang='grc' dir='ltr'><em>παραδιδοὺς</em></span> <span class='ocrx_word' id='word_1_8' title='bbox 1868 657 1981 722; x_wconf 86' lang='grc' dir='ltr'><em>καὶ</em></span> <span class='ocrx_word' id='word_1_9' title='bbox 2032 648 2420 737; x_wconf 88' lang='grc' dir='ltr'><em>πνεύματος</em></span> <span class='ocrx_word' id='word_1_10' title='bbox 2472 644 2667 737; x_wconf 90' lang='grc' dir='ltr'><em>αγίου</em></span> <span class='ocrx_word' id='word_1_11' title='bbox 2708 655 3213 736; x_wconf 82' lang='grc' dir='ltr'><em>φιλοτιμεῖσθαι</em></span> <span class='ocrx_word' id='word_1_12' title='bbox 3256 673 3363 732; x_wconf 83' lang='grc' dir='ltr'><em>με·</em></span> 
     </span>
     <span class='ocr_line' id='line_1_4' title="bbox 745 737 3366 867; baseline -0.003 -44"><span class='ocrx_word' id='word_1_13' title='bbox 745 759 992 842; x_wconf 87' lang='grc' dir='ltr'><em>τέχειν;</em></span> <span class='ocrx_word' id='word_1_14' title='bbox 1039 745 1211 839; x_wconf 90' lang='grc' dir='ltr'><em>α’περ</em></span> <span class='ocrx_word' id='word_1_15' title='bbox 1254 747 1492 840; x_wconf 90' lang='grc' dir='ltr'><em>μόνων</em></span> <span class='ocrx_word' id='word_1_16' title='bbox 1539 749 1623 820; x_wconf 78' lang='grc' dir='ltr'><em>ἂν</em></span> <span class='ocrx_word' id='word_1_17' title='bbox 1666 757 1939 839; x_wconf 87' lang='grc' dir='ltr'><em>γένοιτο</em></span> <span class='ocrx_word' id='word_1_18' title='bbox 1986 755 2443 867; x_wconf 82' lang='grc' dir='ltr'><em>Χριστιανῶν</em></span> <span class='ocrx_word' id='word_1_19' title='bbox 2450 752 2903 835; x_wconf 73' lang='grc' dir='ltr'><em>γνωρίσματα,</em></span> <span class='ocrx_word' id='word_1_20' title='bbox 2952 737 3087 816; x_wconf 81' lang='grc' dir='ltr'><em>ῶδέ</em></span> <span class='ocrx_word' id='word_1_21' title='bbox 3116 773 3213 833; x_wconf 89' lang='grc' dir='ltr'><em>πη</em></span> <span class='ocrx_word' id='word_1_22' title='bbox 3245 751 3366 831; x_wconf 85' lang='grc' dir='ltr'><em>τῆς</em></span> 
     </span>
     <span class='ocr_line' id='line_1_5' title="bbox 745 841 3365 941; baseline -0.003 -18"><span class='ocrx_word' id='word_1_23' title='bbox 745 849 939 941; x_wconf 77' lang='grc' dir='ltr'><em>ἁγίας</em></span> <span class='ocrx_word' id='word_1_24' title='bbox 985 858 1108 923; x_wconf 90' lang='grc' dir='ltr'><em>τοῦ</em></span> <span class='ocrx_word' id='word_1_25' title='bbox 1143 857 1315 922; x_wconf 89' lang='grc' dir='ltr'><em>θεοῦ</em></span> <span class='ocrx_word' id='word_1_26' title='bbox 1356 856 1710 940; x_wconf 75' lang='grc' dir='ltr'><em>ἐκκλησίας</em></span> <span class='ocrx_word' id='word_1_27' title='bbox 1763 845 2263 937; x_wconf 83' lang='grc' dir='ltr'><em>άφοριζομένης</em></span> <span class='ocrx_word' id='word_1_28' title='bbox 2316 854 2443 920; x_wconf 88' lang='grc' dir='ltr'><em>τοῦ</em></span> <span class='ocrx_word' id='word_1_29' title='bbox 2484 843 2845 918; x_wconf 73' lang='grc' dir='ltr'><em>Ἰουδαϊκοῦ</em></span> <span class='ocrx_word' id='word_1_30' title='bbox 2897 841 3181 932; x_wconf 86' lang='grc' dir='ltr'><em>τρόπου.</em></span> <span class='ocrx_word' id='word_1_31' title='bbox 3270 873 3365 924; x_wconf 87' lang='grc' dir='ltr'><em>ως</em></span> 
     </span>
     <span class='ocr_line' id='line_1_6' title="bbox 749 941 3367 1042; baseline -0.003 -19"><span class='ocrx_word' id='word_1_32' title='bbox 749 952 874 1042; x_wconf 84' lang='grc' dir='ltr'><em>γὰρ</em></span> <span class='ocrx_word' id='word_1_33' title='bbox 917 955 1170 1033; x_wconf 74' lang='grc' dir='ltr'><em>ἐκεῖνος</em></span> <span class='ocrx_word' id='word_1_34' title='bbox 1213 949 1342 1041; x_wconf 82' lang='grc' dir='ltr'><em>τὴν</em></span> <span class='ocrx_word' id='word_1_35' title='bbox 1385 949 1736 1022; x_wconf 83' lang='grc' dir='ltr'><em>πολύθεον</em></span> <span class='ocrx_word' id='word_1_36' title='bbox 1779 956 1891 1018; x_wconf 85' lang='grc' dir='ltr'><em>καὶ</em></span> <span class='ocrx_word' id='word_1_37' title='bbox 1932 945 2328 1037; x_wconf 80' lang='grc' dir='ltr'><em>Ἑλληνικὴν</em></span> <span class='ocrx_word' id='word_1_38' title='bbox 2373 942 2861 1033; x_wconf 75' lang='grc' dir='ltr'><em>ἀπεδοκίμαζεν</em></span> <span class='ocrx_word' id='word_1_39' title='bbox 2902 941 3173 1032; x_wconf 86' lang='grc' dir='ltr'><em>πλάνην</em></span> <span class='ocrx_word' id='word_1_40' title='bbox 3214 941 3367 1025; x_wconf 75' lang='grc' dir='ltr'><em>ἑνὸς</em></span> 
     </span>
     <span class='ocr_line' id='line_1_7' title="bbox 677 1043 3368 1140; baseline -0.004 -15"><span class='ocrx_word' id='word_1_41' title='bbox 677 1073 712 1125; x_wconf 89' lang='grc'>5</span> <span class='ocrx_word' id='word_1_42' title='bbox 750 1057 922 1123; x_wconf 89' lang='grc' dir='ltr'><em>θεοῦ</em></span> <span class='ocrx_word' id='word_1_43' title='bbox 965 1047 1310 1140; x_wconf 75' lang='grc' dir='ltr'><em>ὁμολογία,</em></span> <span class='ocrx_word' id='word_1_44' title='bbox 1352 1076 1576 1132; x_wconf 89' lang='grc' dir='ltr'><em>ουτως</em></span> <span class='ocrx_word' id='word_1_45' title='bbox 1618 1057 1725 1120; x_wconf 87' lang='grc' dir='ltr'><em>καὶ</em></span> <span class='ocrx_word' id='word_1_46' title='bbox 1773 1054 1896 1137; x_wconf 86' lang='grc' dir='ltr'><em>τῆς</em></span> <span class='ocrx_word' id='word_1_47' title='bbox 1939 1043 2359 1136; x_wconf 50' lang='grc' dir='ltr'><em>ἐκκλησίας(</em></span> <span class='ocrx_word' id='word_1_48' title='bbox 2321 1077 2361 1134; x_wconf 88' lang='grc' dir='ltr'><em>η</em></span> <span class='ocrx_word' id='word_1_49' title='bbox 2392 1052 2731 1133; x_wconf 75' lang='grc' dir='ltr'><em>ἐξαίρετος</em></span> <span class='ocrx_word' id='word_1_50' title='bbox 2760 1051 2913 1132; x_wconf 90' lang='grc' dir='ltr'><em>περὶ</em></span> <span class='ocrx_word' id='word_1_51' title='bbox 2940 1047 3092 1115; x_wconf 90' lang='grc' dir='ltr'><em>υἱοῦ</em></span> <span class='ocrx_word' id='word_1_52' title='bbox 3122 1049 3368 1130; x_wconf 81' lang='grc' dir='ltr'><em>γνῶσις</em></span> 
     </span>
     <span class='ocr_line' id='line_1_8' title="bbox 747 1142 3367 1238; baseline -0.004 -16"><span class='ocrx_word' id='word_1_53' title='bbox 747 1151 1067 1238; x_wconf 83' lang='grc' dir='ltr'><em>κρεῖττόν</em></span> <span class='ocrx_word' id='word_1_54' title='bbox 1113 1179 1180 1221; x_wconf 91' lang='grc' dir='ltr'><em>τι</em></span> <span class='ocrx_word' id='word_1_55' title='bbox 1210 1156 1321 1221; x_wconf 85' lang='grc' dir='ltr'><em>καὶ</em></span> <span class='ocrx_word' id='word_1_56' title='bbox 1365 1156 1580 1221; x_wconf 90' lang='grc' dir='ltr'><em>πλέον</em></span> <span class='ocrx_word' id='word_1_57' title='bbox 1611 1155 1716 1236; x_wconf 89' lang='grc' dir='ltr'><em>[τι]</em></span> <span class='ocrx_word' id='word_1_58' title='bbox 1761 1145 2133 1237; x_wconf 76' lang='grc' dir='ltr'><em>προῦξένει,</em></span> <span class='ocrx_word' id='word_1_59' title='bbox 2180 1146 2308 1218; x_wconf 88' lang='grc' dir='ltr'><em>τὸν</em></span> <span class='ocrx_word' id='word_1_60' title='bbox 2354 1142 2567 1216; x_wconf 86' lang='grc' dir='ltr'><em>αυτὸν</em></span> <span class='ocrx_word' id='word_1_61' title='bbox 2610 1143 2780 1216; x_wconf 86' lang='grc' dir='ltr'><em>θεὸν</em></span> <span class='ocrx_word' id='word_1_62' title='bbox 2820 1151 3083 1232; x_wconf 80' lang='grc' dir='ltr'><em>πατέρα</em></span> <span class='ocrx_word' id='word_1_63' title='bbox 3125 1146 3367 1213; x_wconf 84' lang='grc' dir='ltr'><em>εἰδέναι</em></span> 
     </span>
     <span class='ocr_line' id='line_1_9' title="bbox 749 1238 3367 1340; baseline -0.005 -18"><span class='ocrx_word' id='word_1_64' title='bbox 749 1257 1160 1340; x_wconf 86' lang='grc' dir='ltr'><em>μονογενοῦς</em></span> <span class='ocrx_word' id='word_1_65' title='bbox 1219 1254 1372 1320; x_wconf 90' lang='grc' dir='ltr'><em>υἱοῦ</em></span> <span class='ocrx_word' id='word_1_66' title='bbox 1435 1245 1867 1330; x_wconf 78' lang='grc' dir='ltr'><em>διδάσκουσα,</em></span> <span class='ocrx_word' id='word_1_67' title='bbox 1932 1243 2213 1334; x_wconf 83' lang='grc' dir='ltr'><em>άληθῶς</em></span> <span class='ocrx_word' id='word_1_68' title='bbox 2274 1249 2423 1316; x_wconf 89' lang='grc' dir='ltr'><em>υἱοῦ</em></span> <span class='ocrx_word' id='word_1_69' title='bbox 2484 1238 2689 1328; x_wconf 84' lang='grc' dir='ltr'><em>ὄντος</em></span> <span class='ocrx_word' id='word_1_70' title='bbox 2753 1251 2865 1315; x_wconf 87' lang='grc' dir='ltr'><em>καὶ</em></span> <span class='ocrx_word' id='word_1_71' title='bbox 2928 1249 3189 1330; x_wconf 78' lang='grc' dir='ltr'><em>ζῶντος</em></span> <span class='ocrx_word' id='word_1_72' title='bbox 3256 1248 3367 1310; x_wconf 88' lang='grc' dir='ltr'><em>καὶ</em></span> 
     </span>
     <span class='ocr_line' id='line_1_10' title="bbox 747 1338 3367 1438; baseline -0.003 -18"><span class='ocrx_word' id='word_1_73' title='bbox 747 1347 1164 1438; x_wconf 90' lang='grc' dir='ltr'><em>υφεστῶτος-</em></span> <span class='ocrx_word' id='word_1_74' title='bbox 1257 1346 1390 1432; x_wconf 74' lang='grc' dir='ltr'><em>»ῶς</em></span> <span class='ocrx_word' id='word_1_75' title='bbox 1451 1348 1577 1436; x_wconf 82' lang='grc' dir='ltr'><em>γὰρ</em></span> <span class='ocrx_word' id='word_1_76' title='bbox 1640 1342 1677 1418; x_wconf 88' lang='lat'><em>6</em></span> <span class='ocrx_word' id='word_1_77' title='bbox 1729 1347 1960 1436; x_wconf 84' lang='grc' dir='ltr'><em>πατὴρ</em></span> <span class='ocrx_word' id='word_1_78' title='bbox 2016 1345 2201 1434; x_wconf 81' lang='grc' dir='ltr'><em>ζωὴν</em></span> <span class='ocrx_word' id='word_1_79' title='bbox 2246 1351 2373 1433; x_wconf 68' lang='grc' dir='ltr'><em>ἔχει</em></span> <span class='ocrx_word' id='word_1_80' title='bbox 2416 1346 2561 1415; x_wconf 62' lang='grc' dir='ltr'><em>«ἐνε</em></span> <span class='ocrx_word' id='word_1_81' title='bbox 2538 1351 2753 1431; x_wconf 84' lang='grc' dir='ltr'><em>εαυτῷ</em></span> <span class='ocrx_word' id='word_1_82' title='bbox 2800 1338 3059 1430; x_wconf 81' lang='grc' dir='ltr'><em>&lt;οῦτως</em></span> <span class='ocrx_word' id='word_1_83' title='bbox 3109 1350 3221 1414; x_wconf 85' lang='grc' dir='ltr'><em>καὶ</em></span> <span class='ocrx_word' id='word_1_84' title='bbox 3266 1349 3367 1430; x_wconf 79' lang='grc' dir='ltr'><em>τῷ</em></span> 
     </span>
     <span class='ocr_line' id='line_1_11' title="bbox 750 1439 3369 1540; baseline -0.002 -21"><span class='ocrx_word' id='word_1_85' title='bbox 750 1455 878 1540; x_wconf 81' lang='grc' dir='ltr'><em>υἱῷ</em></span> <span class='ocrx_word' id='word_1_86' title='bbox 926 1452 1178 1520; x_wconf 76' lang='grc' dir='ltr'><em>ἔδωκεν</em></span> <span class='ocrx_word' id='word_1_87' title='bbox 1223 1447 1408 1538; x_wconf 87' lang='grc' dir='ltr'><em>ζωὴν</em></span> <span class='ocrx_word' id='word_1_88' title='bbox 1453 1453 1625 1536; x_wconf 82' lang='grc' dir='ltr'><em>ἔχειν</em></span> <span class='ocrx_word' id='word_1_89' title='bbox 1668 1451 1742 1518; x_wconf 82' lang='grc' dir='ltr'><em>ἐν</em></span> <span class='ocrx_word' id='word_1_90' title='bbox 1797 1447 2088 1535; x_wconf 69' lang='grc' dir='ltr'><em>ἓαυτῷ&gt;ι</em></span> <span class='ocrx_word' id='word_1_91' title='bbox 2162 1441 2370 1527; x_wconf 76' lang='grc' dir='ltr'><em>αὐτὸς</em></span> <span class='ocrx_word' id='word_1_92' title='bbox 2430 1451 2655 1532; x_wconf 87' lang='grc' dir='ltr'><em>λέγων</em></span> <span class='ocrx_word' id='word_1_93' title='bbox 2706 1449 3048 1516; x_wconf 75' lang='grc' dir='ltr'><em>ἐδίδασκεν</em></span> <span class='ocrx_word' id='word_1_94' title='bbox 3092 1439 3129 1514; x_wconf 87' lang='lat'><em>6</em></span> <span class='ocrx_word' id='word_1_95' title='bbox 3172 1470 3369 1531; x_wconf 87' lang='grc' dir='ltr'><em>μονο-</em></span> 
     </span>
     <span class='ocr_line' id='line_1_12' title="bbox 647 1541 3371 1673; baseline -0.003 -51"><span class='ocrx_word' id='word_1_96' title='bbox 647 1569 715 1622; x_wconf 90' lang='grc'><em>10</em></span> <span class='ocrx_word' id='word_1_97' title='bbox 754 1549 952 1638; x_wconf 87' lang='grc' dir='ltr'><em>γενὴς</em></span> <span class='ocrx_word' id='word_1_98' title='bbox 999 1555 1125 1621; x_wconf 91' lang='grc' dir='ltr'><em>τοῦ</em></span> <span class='ocrx_word' id='word_1_99' title='bbox 1169 1555 1366 1630; x_wconf 89' lang='grc' dir='ltr'><em>θεοῦ,</em></span> <span class='ocrx_word' id='word_1_100' title='bbox 1414 1543 1496 1616; x_wconf 70' lang='grc' dir='ltr'><em>ἵν’</em></span> <span class='ocrx_word' id='word_1_101' title='bbox 1543 1551 1583 1634; x_wconf 76' lang='grc' dir='ltr'><strong><em>ἡ</em></strong></span> <span class='ocrx_word' id='word_1_102' title='bbox 1628 1555 1741 1617; x_wconf 87' lang='grc' dir='ltr'><em>καὶ</em></span> <span class='ocrx_word' id='word_1_103' title='bbox 1785 1542 1824 1618; x_wconf 88' lang='lat'><em>6</em></span> <span class='ocrx_word' id='word_1_104' title='bbox 1868 1546 2095 1635; x_wconf 84' lang='grc' dir='ltr'><em>πατὴρ</em></span> <span class='ocrx_word' id='word_1_105' title='bbox 2140 1542 2421 1673; x_wconf 81' lang='grc' dir='ltr'><em>άληθῶς</em></span> <span class='ocrx_word' id='word_1_106' title='bbox 2469 1541 2699 1633; x_wconf 85' lang='grc' dir='ltr'><em>πατὴρ</em></span> <span class='ocrx_word' id='word_1_107' title='bbox 2752 1542 2860 1630; x_wconf 78' lang='grc' dir='ltr'><em>(οὐ</em></span> <span class='ocrx_word' id='word_1_108' title='bbox 2902 1550 3089 1632; x_wconf 88' lang='grc' dir='ltr'><em>μέχρι</em></span> <span class='ocrx_word' id='word_1_109' title='bbox 3132 1547 3371 1630; x_wconf 84' lang='grc' dir='ltr'><em>φωνῆς</em></span> 
     </span>
     <span class='ocr_line' id='line_1_13' title="bbox 757 1638 3370 1737; baseline -0.003 -19"><span class='ocrx_word' id='word_1_110' title='bbox 757 1641 894 1718; x_wconf 81' lang='grc' dir='ltr'><em>ῶδέ</em></span> <span class='ocrx_word' id='word_1_111' title='bbox 919 1677 1016 1736; x_wconf 89' lang='grc' dir='ltr'><em>πη</em></span> <span class='ocrx_word' id='word_1_112' title='bbox 1054 1655 1508 1737; x_wconf 79' lang='grc' dir='ltr'><em>χρηματίζων,</em></span> <span class='ocrx_word' id='word_1_113' title='bbox 1541 1643 1695 1718; x_wconf 82' lang='grc' dir='ltr'><em>ουδὲ</em></span> <span class='ocrx_word' id='word_1_114' title='bbox 1727 1652 1939 1736; x_wconf 84' lang='grc' dir='ltr'><em>ψευδῆ</em></span> <span class='ocrx_word' id='word_1_115' title='bbox 1968 1652 2377 1734; x_wconf 80' lang='grc' dir='ltr'><em>κεκτημένος</em></span> <span class='ocrx_word' id='word_1_116' title='bbox 2407 1645 2536 1733; x_wconf 86' lang='grc' dir='ltr'><em>τὴν</em></span> <span class='ocrx_word' id='word_1_117' title='bbox 2568 1649 3044 1733; x_wconf 85' lang='grc' dir='ltr'><em>προσηγορίαν,</em></span> <span class='ocrx_word' id='word_1_118' title='bbox 3088 1638 3370 1732; x_wconf 78' lang='grc' dir='ltr'><em>ἀληθείᾳ</em></span> 
     </span>
     <span class='ocr_line' id='line_1_14' title="bbox 755 1736 3367 1836; baseline -0.004 -18"><span class='ocrx_word' id='word_1_119' title='bbox 755 1754 828 1818; x_wconf 84' lang='grc' dir='ltr'><em>δὲ</em></span> <span class='ocrx_word' id='word_1_120' title='bbox 872 1755 980 1818; x_wconf 87' lang='grc' dir='ltr'><em>καὶ</em></span> <span class='ocrx_word' id='word_1_121' title='bbox 1029 1751 1201 1836; x_wconf 81' lang='grc' dir='ltr'><em>ἔργῳ</em></span> <span class='ocrx_word' id='word_1_122' title='bbox 1255 1746 1485 1835; x_wconf 87' lang='grc' dir='ltr'><em>πατὴρ</em></span> <span class='ocrx_word' id='word_1_123' title='bbox 1529 1750 1679 1818; x_wconf 84' lang='grc' dir='ltr'><em>υἱοῦ</em></span> <span class='ocrx_word' id='word_1_124' title='bbox 1728 1751 2165 1834; x_wconf 86' lang='grc' dir='ltr'><em>μονογενοῦς)</em></span> <span class='ocrx_word' id='word_1_125' title='bbox 2218 1751 2331 1814; x_wconf 86' lang='grc' dir='ltr'><em>καὶ</em></span> <span class='ocrx_word' id='word_1_126' title='bbox 2375 1739 2412 1815; x_wconf 88' lang='lat'><em>6</em></span> <span class='ocrx_word' id='word_1_127' title='bbox 2458 1741 2605 1826; x_wconf 86' lang='grc' dir='ltr'><em>υἱὸς</em></span> <span class='ocrx_word' id='word_1_128' title='bbox 2646 1740 2930 1832; x_wconf 82' lang='grc' dir='ltr'><em>άληθῶς</em></span> <span class='ocrx_word' id='word_1_129' title='bbox 2972 1738 3133 1822; x_wconf 85' lang='grc' dir='ltr'><em>υἱός.</em></span> <span class='ocrx_word' id='word_1_130' title='bbox 3216 1736 3255 1811; x_wconf 88' lang='lat'><em>6</em></span> <span class='ocrx_word' id='word_1_131' title='bbox 3300 1746 3367 1809; x_wconf 76' lang='grc' dir='ltr'><em>δὲ</em></span> 
     </span>
     <span class='ocr_line' id='line_1_15' title="bbox 755 1838 3371 1965; baseline -0.003 -50"><span class='ocrx_word' id='word_1_132' title='bbox 755 1845 964 1932; x_wconf 86' lang='grc' dir='ltr'><em>ψιλὸν</em></span> <span class='ocrx_word' id='word_1_133' title='bbox 1031 1845 1240 1933; x_wconf 91' lang='grc' dir='ltr'><em>λόγον</em></span> <span class='ocrx_word' id='word_1_134' title='bbox 1292 1845 1392 1914; x_wconf 80' lang='grc' dir='ltr'><em>εἶν</em></span> <span class='ocrx_word' id='word_1_135' title='bbox 1397 1875 1464 1915; x_wconf 90' lang='grc' dir='ltr'><em>αι</em></span> <span class='ocrx_word' id='word_1_136' title='bbox 1526 1845 1652 1917; x_wconf 88' lang='grc' dir='ltr'><em>τὸν</em></span> <span class='ocrx_word' id='word_1_137' title='bbox 1709 1845 1863 1917; x_wconf 86' lang='grc' dir='ltr'><em>υἱὸν</em></span> <span class='ocrx_word' id='word_1_138' title='bbox 1922 1842 2427 1932; x_wconf 85' lang='grc' dir='ltr'><em>υπολαμβάνων</em></span> <span class='ocrx_word' id='word_1_139' title='bbox 2486 1851 2610 1965; x_wconf 48' lang='grc' dir='ltr'><em>καὶ(</em></span> <span class='ocrx_word' id='word_1_140' title='bbox 2658 1839 2873 1931; x_wconf 88' lang='grc' dir='ltr'><em>μόνον</em></span> <span class='ocrx_word' id='word_1_141' title='bbox 2934 1838 3142 1928; x_wconf 89' lang='grc' dir='ltr'><em>λόγον</em></span> <span class='ocrx_word' id='word_1_142' title='bbox 3203 1842 3371 1911; x_wconf 77' lang='grc' dir='ltr'><em>εἶναι</em></span> 
     </span>
     <span class='ocr_line' id='line_1_16' title="bbox 755 1931 3370 2034; baseline -0.002 -20"><span class='ocrx_word' id='word_1_143' title='bbox 755 1943 1263 2034; x_wconf 85' lang='grc' dir='ltr'><em>μαρτυρόμενος</em></span> <span class='ocrx_word' id='word_1_144' title='bbox 1305 1953 1416 2014; x_wconf 89' lang='grc' dir='ltr'><em>καὶ</em></span> <span class='ocrx_word' id='word_1_145' title='bbox 1458 1942 1792 2028; x_wconf 78' lang='grc' dir='ltr'><em>πολλάκις</em></span> <span class='ocrx_word' id='word_1_146' title='bbox 1835 1941 2027 2016; x_wconf 79' lang='grc' dir='ltr'><em>τοῦτ’</em></span> <span class='ocrx_word' id='word_1_147' title='bbox 2074 1941 2243 2016; x_wconf 86' lang='grc' dir='ltr'><em>αυτὸ</em></span> <span class='ocrx_word' id='word_1_148' title='bbox 2288 1951 2511 2032; x_wconf 88' lang='grc' dir='ltr'><em>λέγων</em></span> <span class='ocrx_word' id='word_1_149' title='bbox 2554 1973 2651 2024; x_wconf 86' lang='grc' dir='ltr'><em>ως</em></span> <span class='ocrx_word' id='word_1_150' title='bbox 2694 1937 2895 2014; x_wconf 74' lang='grc' dir='ltr'><em>οὐδὲν</em></span> <span class='ocrx_word' id='word_1_151' title='bbox 2934 1943 3171 2026; x_wconf 76' lang='grc' dir='ltr'><em>ἕτερον</em></span> <span class='ocrx_word' id='word_1_152' title='bbox 3214 1931 3299 2028; x_wconf 79' lang='grc' dir='ltr'><em>ἦν</em></span> <span class='ocrx_word' id='word_1_153' title='bbox 3329 1934 3370 2025; x_wconf 83' lang='grc' dir='ltr'>ἢ</span> 
     </span>
     <span class='ocr_line' id='line_1_17' title="bbox 651 2037 3373 2133; baseline -0.004 -15"><span class='ocrx_word' id='word_1_154' title='bbox 651 2067 718 2120; x_wconf 86' lang='grc'><em>15</em></span> <span class='ocrx_word' id='word_1_155' title='bbox 757 2040 978 2132; x_wconf 85' lang='grc' dir='ltr'><em>λόγος,</em></span> <span class='ocrx_word' id='word_1_156' title='bbox 1026 2046 1226 2116; x_wconf 80' lang='grc' dir='ltr'><em>ἔνδον</em></span> <span class='ocrx_word' id='word_1_157' title='bbox 1271 2051 1499 2133; x_wconf 82' lang='grc' dir='ltr'><em>μένων</em></span> <span class='ocrx_word' id='word_1_158' title='bbox 1552 2047 1628 2114; x_wconf 79' lang='grc' dir='ltr'><em>ἐν</em></span> <span class='ocrx_word' id='word_1_159' title='bbox 1672 2040 2074 2132; x_wconf 74' lang='grc' dir='ltr'><em>ἡσυχάζοντι</em></span> <span class='ocrx_word' id='word_1_160' title='bbox 2118 2051 2219 2133; x_wconf 84' lang='grc' dir='ltr'><em>τῷ</em></span> <span class='ocrx_word' id='word_1_161' title='bbox 2274 2050 2481 2130; x_wconf 85' lang='grc' dir='ltr'><em>πατρὶ</em></span> <span class='ocrx_word' id='word_1_162' title='bbox 2526 2046 2822 2129; x_wconf 80' lang='grc' dir='ltr'><em>ἐνεργῶν</em></span> <span class='ocrx_word' id='word_1_163' title='bbox 2865 2045 2936 2111; x_wconf 79' lang='grc' dir='ltr'><em>δὲ</em></span> <span class='ocrx_word' id='word_1_164' title='bbox 2979 2044 3053 2110; x_wconf 79' lang='grc' dir='ltr'><em>ἐν</em></span> <span class='ocrx_word' id='word_1_165' title='bbox 3096 2046 3199 2128; x_wconf 79' lang='grc' dir='ltr'><em>τῷ</em></span> <span class='ocrx_word' id='word_1_166' title='bbox 3245 2037 3373 2128; x_wconf 84' lang='grc' dir='ltr'><em>τὴν</em></span> 
     </span>
     <span class='ocr_line' id='line_1_18' title="bbox 757 2137 3374 2233; baseline -0.002 -20"><span class='ocrx_word' id='word_1_167' title='bbox 757 2153 979 2214; x_wconf 86' lang='grc' dir='ltr'><em>κτίσιν</em></span> <span class='ocrx_word' id='word_1_168' title='bbox 1025 2150 1464 2232; x_wconf 81' lang='grc' dir='ltr'><em>δημιουργεῖν,</em></span> <span class='ocrx_word' id='word_1_169' title='bbox 1511 2139 1765 2232; x_wconf 84' lang='grc' dir='ltr'><em>ὁμοίως</em></span> <span class='ocrx_word' id='word_1_170' title='bbox 1809 2150 1913 2233; x_wconf 82' lang='grc' dir='ltr'><em>τῷ</em></span> <span class='ocrx_word' id='word_1_171' title='bbox 1957 2139 2263 2231; x_wconf 80' lang='grc' dir='ltr'><em>ἡμετέρῳ</em></span> <span class='ocrx_word' id='word_1_172' title='bbox 2308 2147 2383 2212; x_wconf 81' lang='grc' dir='ltr'><em>ἐν</em></span> <span class='ocrx_word' id='word_1_173' title='bbox 2425 2147 2783 2212; x_wconf 79' lang='grc' dir='ltr'><em>σιωπῶσιν</em></span> <span class='ocrx_word' id='word_1_174' title='bbox 2820 2145 2943 2231; x_wconf 80' lang='grc' dir='ltr'><em>μὲν</em></span> <span class='ocrx_word' id='word_1_175' title='bbox 2973 2137 3374 2228; x_wconf 83' lang='grc' dir='ltr'><em>ἡσυχάζοντι</em></span> 
     </span>
     <span class='ocr_line' id='line_1_19' title="bbox 755 2237 3371 2333; baseline -0.003 -19"><span class='ocrx_word' id='word_1_176' title='bbox 755 2249 831 2315; x_wconf 79' lang='grc' dir='ltr'><em>ἐν</em></span> <span class='ocrx_word' id='word_1_177' title='bbox 893 2249 963 2313; x_wconf 84' lang='grc' dir='ltr'><em>δὲ</em></span> <span class='ocrx_word' id='word_1_178' title='bbox 1025 2250 1519 2332; x_wconf 71' lang='grc' dir='ltr'><em>φθεγγομένοις</em></span> <span class='ocrx_word' id='word_1_179' title='bbox 1579 2246 1995 2333; x_wconf 81' lang='grc' dir='ltr'><em>ἐνεργοῦντι,</em></span> <span class='ocrx_word' id='word_1_180' title='bbox 2073 2247 2278 2328; x_wconf 85' lang='grc' dir='ltr'><em>δῆλος</em></span> <span class='ocrx_word' id='word_1_181' title='bbox 2340 2239 2424 2312; x_wconf 70' lang='grc' dir='ltr'><em>ἂν</em></span> <span class='ocrx_word' id='word_1_182' title='bbox 2486 2245 2585 2330; x_wconf 80' lang='grc' dir='ltr'><em>εἴη</em></span> <span class='ocrx_word' id='word_1_183' title='bbox 2645 2237 2983 2330; x_wconf 79' lang='grc' dir='ltr'><em>Ἰουδαῖκῷ</em></span> <span class='ocrx_word' id='word_1_184' title='bbox 3056 2269 3197 2310; x_wconf 91' lang='grc' dir='ltr'><em>τινι</em></span> <span class='ocrx_word' id='word_1_185' title='bbox 3262 2246 3371 2309; x_wconf 86' lang='grc' dir='ltr'><em>καὶ</em></span> 
     </span>
     <span class='ocr_line' id='line_1_20' title="bbox 757 2336 3375 2432; baseline -0.003 -15"><span class='ocrx_word' id='word_1_186' title='bbox 757 2342 1182 2432; x_wconf 74' lang='grc' dir='ltr'><em>ἀνθρωπίνῳ</em></span> <span class='ocrx_word' id='word_1_187' title='bbox 1246 2348 1638 2429; x_wconf 85' lang='grc' dir='ltr'><em>συντρέχων</em></span> <span class='ocrx_word' id='word_1_188' title='bbox 1699 2344 2087 2430; x_wconf 85' lang='grc' dir='ltr'><em>φρονήματι</em></span> <span class='ocrx_word' id='word_1_189' title='bbox 2148 2340 2275 2412; x_wconf 85' lang='grc' dir='ltr'><em>τὸν</em></span> <span class='ocrx_word' id='word_1_190' title='bbox 2335 2336 2398 2410; x_wconf 79' lang='grc' dir='ltr'><em>δ’</em></span> <span class='ocrx_word' id='word_1_191' title='bbox 2464 2337 2747 2430; x_wconf 82' lang='grc' dir='ltr'><em>άληθῶς</em></span> <span class='ocrx_word' id='word_1_192' title='bbox 2809 2341 2961 2413; x_wconf 86' lang='grc' dir='ltr'><em>υἱὸν</em></span> <span class='ocrx_word' id='word_1_193' title='bbox 3020 2346 3148 2422; x_wconf 83' lang='grc' dir='ltr'><em>τοῦ</em></span> <span class='ocrx_word' id='word_1_194' title='bbox 3206 2345 3375 2408; x_wconf 89' lang='grc' dir='ltr'><em>θεοῦ</em></span> 
     </span>
     <span class='ocr_line' id='line_1_21' title="bbox 757 2435 3373 2532; baseline -0.003 -17"><span class='ocrx_word' id='word_1_195' title='bbox 757 2440 1188 2532; x_wconf 77' lang='grc' dir='ltr'><em>ἀρνούμενος.</em></span> <span class='ocrx_word' id='word_1_196' title='bbox 1263 2447 1318 2512; x_wconf 87' lang='grc' dir='ltr'><em>εἰ</em></span> <span class='ocrx_word' id='word_1_197' title='bbox 1363 2449 1529 2530; x_wconf 89' lang='grc' dir='ltr'><em>γοῦν</em></span> <span class='ocrx_word' id='word_1_198' title='bbox 1575 2471 1679 2523; x_wconf 88' lang='grc' dir='ltr'><em>τις</em></span> <span class='ocrx_word' id='word_1_199' title='bbox 1718 2439 2065 2513; x_wconf 87' lang='grc' dir='ltr'><em>Ἰουδαίων</em></span> <span class='ocrx_word' id='word_1_200' title='bbox 2110 2436 2335 2529; x_wconf 82' lang='grc' dir='ltr'><em>ἔροιτό</em></span> <span class='ocrx_word' id='word_1_201' title='bbox 2381 2468 2551 2526; x_wconf 89' lang='grc' dir='ltr'><em>τινα,</em></span> <span class='ocrx_word' id='word_1_202' title='bbox 2598 2446 2654 2511; x_wconf 81' lang='grc' dir='ltr'><em>εἰ</em></span> <span class='ocrx_word' id='word_1_203' title='bbox 2696 2437 2905 2528; x_wconf 89' lang='grc' dir='ltr'><em>λόγον</em></span> <span class='ocrx_word' id='word_1_204' title='bbox 2950 2443 3078 2529; x_wconf 81' lang='grc' dir='ltr'><em>ἔχει</em></span> <span class='ocrx_word' id='word_1_205' title='bbox 3108 2435 3147 2512; x_wconf 88' lang='lat'><em>6</em></span> <span class='ocrx_word' id='word_1_206' title='bbox 3194 2435 3373 2522; x_wconf 87' lang='grc' dir='ltr'><em>θεός,</em></span> 
     </span>
     <span class='ocr_line' id='line_1_22' title="bbox 653 2535 3375 2630; baseline -0.002 -16"><span class='ocrx_word' id='word_1_207' title='bbox 653 2559 724 2614; x_wconf 86' lang='grc'><em>20</em></span> <span class='ocrx_word' id='word_1_208' title='bbox 760 2542 1043 2625; x_wconf 88' lang='grc' dir='ltr'><em>πάντως</em></span> <span class='ocrx_word' id='word_1_209' title='bbox 1087 2572 1223 2613; x_wconf 89' lang='grc' dir='ltr'><em>που</em></span> <span class='ocrx_word' id='word_1_210' title='bbox 1266 2540 1488 2630; x_wconf 84' lang='grc' dir='ltr'><em>φήσει·</em></span> <span class='ocrx_word' id='word_1_211' title='bbox 1543 2545 1687 2612; x_wconf 80' lang='grc' dir='ltr'><em>ἐπεὶ</em></span> <span class='ocrx_word' id='word_1_212' title='bbox 1732 2549 1865 2628; x_wconf 82' lang='grc' dir='ltr'><em>[καὶ</em></span> <span class='ocrx_word' id='word_1_213' title='bbox 1910 2539 2139 2629; x_wconf 91' lang='grc' dir='ltr'><em>λόγον]</em></span> <span class='ocrx_word' id='word_1_214' title='bbox 2184 2548 2299 2610; x_wconf 87' lang='grc' dir='ltr'><em>καὶ</em></span> <span class='ocrx_word' id='word_1_215' title='bbox 2343 2536 2585 2627; x_wconf 84' lang='grc' dir='ltr'><em>λόγους</em></span> <span class='ocrx_word' id='word_1_216' title='bbox 2627 2547 2903 2622; x_wconf 85' lang='grc' dir='ltr'><em>πλείους</em></span> <span class='ocrx_word' id='word_1_217' title='bbox 2946 2543 3121 2627; x_wconf 80' lang='grc' dir='ltr'><em>ἔχειν</em></span> <span class='ocrx_word' id='word_1_218' title='bbox 3162 2535 3375 2610; x_wconf 76' lang='grc' dir='ltr'><em>αὐτὸν</em></span> 
     </span>
     <span class='ocr_line' id='line_1_23' title="bbox 761 2632 3373 2731; baseline -0.002 -19"><span class='ocrx_word' id='word_1_219' title='bbox 761 2639 1239 2731; x_wconf 85' lang='grc' dir='ltr'><em>ὁμολογήσειεν</em></span> <span class='ocrx_word' id='word_1_220' title='bbox 1284 2638 1368 2712; x_wconf 73' lang='grc' dir='ltr'><em>ἂν</em></span> <span class='ocrx_word' id='word_1_221' title='bbox 1409 2638 1748 2713; x_wconf 80' lang='grc' dir='ltr'><em>Ἰουδαίων</em></span> <span class='ocrx_word' id='word_1_222' title='bbox 1793 2633 1987 2722; x_wconf 77' lang='grc' dir='ltr'><em>ἅπας.</em></span> <span class='ocrx_word' id='word_1_223' title='bbox 2032 2634 2140 2712; x_wconf 80' lang='grc' dir='ltr'><em>ὅτι</em></span> <span class='ocrx_word' id='word_1_224' title='bbox 2186 2644 2257 2709; x_wconf 86' lang='grc' dir='ltr'><em>δὲ</em></span> <span class='ocrx_word' id='word_1_225' title='bbox 2300 2646 2409 2710; x_wconf 87' lang='grc' dir='ltr'><em>καὶ</em></span> <span class='ocrx_word' id='word_1_226' title='bbox 2452 2639 2603 2711; x_wconf 85' lang='grc' dir='ltr'><em>υἱὸν</em></span> <span class='ocrx_word' id='word_1_227' title='bbox 2643 2643 2793 2728; x_wconf 79' lang='grc' dir='ltr'><em>ἔχει,</em></span> <span class='ocrx_word' id='word_1_228' title='bbox 2840 2635 3060 2710; x_wconf 74' lang='grc' dir='ltr'><em>οὐκέτ’</em></span> <span class='ocrx_word' id='word_1_229' title='bbox 3090 2635 3176 2709; x_wconf 74' lang='grc' dir='ltr'><em>ἂν</em></span> <span class='ocrx_word' id='word_1_230' title='bbox 3220 2632 3373 2725; x_wconf 82' lang='grc' dir='ltr'><em>ὁμο-</em></span> 
     </span>
     <span class='ocr_line' id='line_1_24' title="bbox 762 2735 3374 2831; baseline -0.002 -18"><span class='ocrx_word' id='word_1_231' title='bbox 762 2739 1110 2831; x_wconf 85' lang='grc' dir='ltr'><em>λογήσειεν</em></span> <span class='ocrx_word' id='word_1_232' title='bbox 1154 2745 1540 2829; x_wconf 77' lang='grc' dir='ltr'><em>ἐρωτηθείς.</em></span> <span class='ocrx_word' id='word_1_233' title='bbox 1603 2745 1660 2811; x_wconf 78' lang='grc' dir='ltr'><em>εἰ</em></span> <span class='ocrx_word' id='word_1_234' title='bbox 1704 2745 1774 2811; x_wconf 81' lang='grc' dir='ltr'><em>δὲ</em></span> <span class='ocrx_word' id='word_1_235' title='bbox 1817 2739 1907 2830; x_wconf 83' lang='grc' dir='ltr'><em>μὴ</em></span> <span class='ocrx_word' id='word_1_236' title='bbox 1950 2737 2291 2812; x_wconf 82' lang='grc' dir='ltr'><em>Ἰουδαίων</em></span> <span class='ocrx_word' id='word_1_237' title='bbox 2332 2735 2481 2812; x_wconf 73' lang='grc' dir='ltr'><em>ἀλλ’</em></span> <span class='ocrx_word' id='word_1_238' title='bbox 2528 2735 2926 2811; x_wconf 77' lang='grc' dir='ltr'><em>ἐπισκόπων</em></span> <span class='ocrx_word' id='word_1_239' title='bbox 2968 2769 3073 2821; x_wconf 88' lang='grc' dir='ltr'><em>τις</em></span> <span class='ocrx_word' id='word_1_240' title='bbox 3115 2737 3374 2821; x_wconf 84' lang='grc' dir='ltr'><em>ταύτην</em></span> 
     </span>
     <span class='ocr_line' id='line_1_25' title="bbox 761 2836 3321 2930; baseline -0.002 -17"><span class='ocrx_word' id='word_1_241' title='bbox 761 2839 1100 2930; x_wconf 87' lang='grc' dir='ltr'><em>εἰσαγάγοι</em></span> <span class='ocrx_word' id='word_1_242' title='bbox 1144 2840 1273 2929; x_wconf 84' lang='grc' dir='ltr'><em>τὴν</em></span> <span class='ocrx_word' id='word_1_243' title='bbox 1319 2838 1541 2927; x_wconf 77' lang='grc' dir='ltr'><em>δόξαν,</em></span> <span class='ocrx_word' id='word_1_244' title='bbox 1588 2839 1797 2929; x_wconf 88' lang='grc' dir='ltr'><em>λόγον</em></span> <span class='ocrx_word' id='word_1_245' title='bbox 1841 2837 2057 2911; x_wconf 76' lang='grc' dir='ltr'><em>αὐτὸν</em></span> <span class='ocrx_word' id='word_1_246' title='bbox 2098 2839 2317 2927; x_wconf 87' lang='grc' dir='ltr'><em>μόνον</em></span> <span class='ocrx_word' id='word_1_247' title='bbox 2360 2839 2584 2922; x_wconf 82' lang='grc' dir='ltr'><em>διδοὺς</em></span> <span class='ocrx_word' id='word_1_248' title='bbox 2626 2836 2984 2929; x_wconf 83' lang='grc' dir='ltr'><em>ἡνωμένον</em></span> <span class='ocrx_word' id='word_1_249' title='bbox 3028 2846 3129 2928; x_wconf 82' lang='grc' dir='ltr'><em>τῷ</em></span> <span class='ocrx_word' id='word_1_250' title='bbox 3177 2845 3321 2927; x_wconf 81' lang='grc' dir='ltr'><em>θεῷ</em></span> 
     </span>
     <span class='ocr_line' id='line_1_26' title="bbox 760 2935 3373 3028; baseline -0 -18"><span class='ocrx_word' id='word_1_251' title='bbox 760 2948 872 3011; x_wconf 85' lang='grc' dir='ltr'><em>καὶ</em></span> <span class='ocrx_word' id='word_1_252' title='bbox 932 2946 1190 3011; x_wconf 89' lang='grc' dir='ltr'><em>τοῦτον</em></span> <span class='ocrx_word' id='word_1_253' title='bbox 1249 2943 1420 3012; x_wconf 81' lang='grc' dir='ltr'><em>εἶναι</em></span> <span class='ocrx_word' id='word_1_254' title='bbox 1481 2937 1702 3012; x_wconf 80' lang='grc' dir='ltr'><em>ἀίδιον</em></span> <span class='ocrx_word' id='word_1_255' title='bbox 1751 2948 1861 3011; x_wconf 85' lang='grc' dir='ltr'><em>καὶ</em></span> <span class='ocrx_word' id='word_1_256' title='bbox 1906 2935 2285 3028; x_wconf 72' lang='grc' dir='ltr'><em>ἀγέννητον</em></span> <span class='ocrx_word' id='word_1_257' title='bbox 2331 2941 2403 3009; x_wconf 73' lang='grc' dir='ltr'><em>ἓν</em></span> <span class='ocrx_word' id='word_1_258' title='bbox 2448 2967 2524 3010; x_wconf 88' lang='grc' dir='ltr'><em>τε</em></span> <span class='ocrx_word' id='word_1_259' title='bbox 2567 2940 2735 3011; x_wconf 85' lang='grc' dir='ltr'><em>εἶναι</em></span> <span class='ocrx_word' id='word_1_260' title='bbox 2786 2947 2898 3009; x_wconf 87' lang='grc' dir='ltr'><em>καὶ</em></span> <span class='ocrx_word' id='word_1_261' title='bbox 2959 2936 3217 3011; x_wconf 73' lang='grc' dir='ltr'><em>ταύτὸν</em></span> <span class='ocrx_word' id='word_1_262' title='bbox 3272 2946 3373 3027; x_wconf 82' lang='grc' dir='ltr'><em>τῷ</em></span> 
     </span>
     <span class='ocr_line' id='line_1_27' title="bbox 655 3036 3379 3129; baseline 0 -18"><span class='ocrx_word' id='word_1_263' title='bbox 655 3057 724 3111; x_wconf 87' lang='grc'><em>25</em></span> <span class='ocrx_word' id='word_1_264' title='bbox 762 3047 924 3129; x_wconf 81' lang='grc' dir='ltr'><em>θεῷ,</em></span> <span class='ocrx_word' id='word_1_265' title='bbox 972 3036 1296 3127; x_wconf 79' lang='grc' dir='ltr'><em>ὀνόμασιν</em></span> <span class='ocrx_word' id='word_1_266' title='bbox 1338 3046 1460 3128; x_wconf 84' lang='grc' dir='ltr'><em>μὲν</em></span> <span class='ocrx_word' id='word_1_267' title='bbox 1519 3036 1873 3128; x_wconf 87' lang='grc' dir='ltr'><em>διαφόροις</em></span> <span class='ocrx_word' id='word_1_268' title='bbox 1924 3039 2187 3127; x_wconf 85' lang='grc' dir='ltr'><em>πατρὸς</em></span> <span class='ocrx_word' id='word_1_269' title='bbox 2246 3044 2361 3109; x_wconf 82' lang='grc' dir='ltr'><em>καὶ</em></span> <span class='ocrx_word' id='word_1_270' title='bbox 2421 3042 2569 3109; x_wconf 86' lang='grc' dir='ltr'><em>υἱοῦ</em></span> <span class='ocrx_word' id='word_1_271' title='bbox 2628 3047 3129 3128; x_wconf 82' lang='grc' dir='ltr'><em>χρηματίζοντα</em></span> <span class='ocrx_word' id='word_1_272' title='bbox 3187 3036 3379 3129; x_wconf 72' lang='grc' dir='ltr'><em>οὐσίᾳ</em></span> 
     </span>
     <span class='ocr_line' id='line_1_28' title="bbox 763 3133 3377 3228; baseline -0 -18"><span class='ocrx_word' id='word_1_273' title='bbox 763 3146 832 3210; x_wconf 82' lang='grc' dir='ltr'><em>δὲ</em></span> <span class='ocrx_word' id='word_1_274' title='bbox 877 3146 984 3209; x_wconf 84' lang='grc' dir='ltr'><em>καὶ</em></span> <span class='ocrx_word' id='word_1_275' title='bbox 1029 3136 1395 3211; x_wconf 72' lang='grc' dir='ltr'><em>ὑποστάσει</em></span> <span class='ocrx_word' id='word_1_276' title='bbox 1439 3142 1512 3209; x_wconf 76' lang='grc' dir='ltr'><em>ἓν</em></span> <span class='ocrx_word' id='word_1_277' title='bbox 1557 3133 1756 3223; x_wconf 78' lang='grc' dir='ltr'><em>ὄντα,</em></span> <span class='ocrx_word' id='word_1_278' title='bbox 1819 3146 1972 3223; x_wconf 89' lang='grc' dir='ltr'><em>πῶς</em></span> <span class='ocrx_word' id='word_1_279' title='bbox 2035 3136 2117 3211; x_wconf 77' lang='grc' dir='ltr'><em>οὗ</em></span> <span class='ocrx_word' id='word_1_280' title='bbox 2177 3145 2381 3227; x_wconf 88' lang='grc' dir='ltr'><em>δῆλος</em></span> <span class='ocrx_word' id='word_1_281' title='bbox 2444 3136 2529 3209; x_wconf 70' lang='grc' dir='ltr'><em>ἂν</em></span> <span class='ocrx_word' id='word_1_282' title='bbox 2591 3147 2859 3228; x_wconf 84' lang='grc' dir='ltr'><em>γένοιτο</em></span> <span class='ocrx_word' id='word_1_283' title='bbox 2914 3138 3039 3209; x_wconf 86' lang='grc' dir='ltr'><em>τὸν</em></span> <span class='ocrx_word' id='word_1_284' title='bbox 3081 3144 3204 3227; x_wconf 79' lang='grc' dir='ltr'><em>μὲν</em></span> <span class='ocrx_word' id='word_1_285' title='bbox 3246 3146 3377 3209; x_wconf 87' lang='grc' dir='ltr'><em>Σα-</em></span> 
     </span>
     <span class='ocr_line' id='line_1_29' title="bbox 759 3235 3380 3327; baseline 0 -18"><span class='ocrx_word' id='word_1_286' title='bbox 759 3248 1032 3325; x_wconf 84' lang='grc' dir='ltr'><em>βέλλιον</em></span> <span class='ocrx_word' id='word_1_287' title='bbox 1084 3236 1576 3327; x_wconf 87' lang='grc' dir='ltr'><em>υποδυόμενος,</em></span> <span class='ocrx_word' id='word_1_288' title='bbox 1641 3246 1761 3327; x_wconf 85' lang='grc' dir='ltr'><em>τῆς</em></span> <span class='ocrx_word' id='word_1_289' title='bbox 1823 3237 1888 3312; x_wconf 79' lang='grc' dir='ltr'><em>δ’</em></span> <span class='ocrx_word' id='word_1_290' title='bbox 1956 3244 2030 3310; x_wconf 81' lang='grc' dir='ltr'><em>ἐν</em></span> <span class='ocrx_word' id='word_1_291' title='bbox 2085 3244 2360 3326; x_wconf 81' lang='grc' dir='ltr'><em>Χριστῷ</em></span> <span class='ocrx_word' id='word_1_292' title='bbox 2425 3238 2743 3327; x_wconf 83' lang='grc' dir='ltr'><em>γνῶσεῶς</em></span> <span class='ocrx_word' id='word_1_293' title='bbox 2805 3266 2878 3308; x_wconf 89' lang='grc' dir='ltr'><em>τε</em></span> <span class='ocrx_word' id='word_1_294' title='bbox 2936 3246 3049 3308; x_wconf 87' lang='grc' dir='ltr'><em>καὶ</em></span> <span class='ocrx_word' id='word_1_295' title='bbox 3106 3235 3380 3326; x_wconf 84' lang='grc' dir='ltr'><em>χάριτος</em></span> 
     </span>
     <span class='ocr_line' id='line_1_30' title="bbox 763 3334 3379 3427; baseline 0 -20"><span class='ocrx_word' id='word_1_296' title='bbox 763 3342 1341 3427; x_wconf 79' lang='grc' dir='ltr'><em>ἠλλοτριωμένος;</em></span> <span class='ocrx_word' id='word_1_297' title='bbox 1409 3335 1563 3409; x_wconf 83' lang='grc' dir='ltr'><em>ουδὲ</em></span> <span class='ocrx_word' id='word_1_298' title='bbox 1651 3338 1774 3427; x_wconf 82' lang='grc' dir='ltr'><em>γὰρ</em></span> <span class='ocrx_word' id='word_1_299' title='bbox 1856 3350 2079 3427; x_wconf 83' lang='grc' dir='ltr'><em>ζητεῖν</em></span> <span class='ocrx_word' id='word_1_300' title='bbox 2152 3334 2301 3411; x_wconf 77' lang='grc' dir='ltr'><em>οὐδ’</em></span> <span class='ocrx_word' id='word_1_301' title='bbox 2382 3334 2829 3425; x_wconf 80' lang='grc' dir='ltr'><em>άμφιβάλλειν</em></span> <span class='ocrx_word' id='word_1_302' title='bbox 2900 3334 3042 3410; x_wconf 84' lang='grc' dir='ltr'><em>ουδ’</em></span> <span class='ocrx_word' id='word_1_303' title='bbox 3114 3343 3379 3425; x_wconf 78' lang='grc' dir='ltr'><em>ἐρωτᾶν</em></span> 
     </span>
     <span class='ocr_line' id='line_1_31' title="bbox 761 3432 3381 3527; baseline 0.001 -20"><span class='ocrx_word' id='word_1_304' title='bbox 761 3436 1075 3527; x_wconf 86' lang='grc' dir='ltr'><em>&lt;αυ&gt;τοῑς,</em></span> <span class='ocrx_word' id='word_1_305' title='bbox 1111 3444 1165 3508; x_wconf 85' lang='grc' dir='ltr'><em>εἰ</em></span> <span class='ocrx_word' id='word_1_306' title='bbox 1197 3440 1281 3525; x_wconf 85' lang='grc' dir='ltr'><em>ἠν</em></span> <span class='ocrx_word' id='word_1_307' title='bbox 1309 3445 1420 3508; x_wconf 91' lang='grc' dir='ltr'><em>καὶ</em></span> <span class='ocrx_word' id='word_1_308' title='bbox 1463 3443 1690 3527; x_wconf 85' lang='grc' dir='ltr'><em>προῆν</em></span> <span class='ocrx_word' id='word_1_309' title='bbox 1733 3434 1771 3510; x_wconf 93' lang='lat'><em>6</em></span> <span class='ocrx_word' id='word_1_310' title='bbox 1815 3438 2188 3527; x_wconf 84' lang='grc' dir='ltr'><em>μονογενὴς</em></span> <span class='ocrx_word' id='word_1_311' title='bbox 2232 3438 2379 3520; x_wconf 83' lang='grc' dir='ltr'><em>υἱὸς</em></span> <span class='ocrx_word' id='word_1_312' title='bbox 2423 3443 2548 3508; x_wconf 90' lang='grc' dir='ltr'><em>τοῦ</em></span> <span class='ocrx_word' id='word_1_313' title='bbox 2578 3444 2763 3521; x_wconf 88' lang='grc' dir='ltr'><em>θεοῦ,</em></span> <span class='ocrx_word' id='word_1_314' title='bbox 2812 3432 2849 3508; x_wconf 88' lang='lat'><em>6</em></span> <span class='ocrx_word' id='word_1_315' title='bbox 2882 3443 3001 3527; x_wconf 83' lang='grc' dir='ltr'><em>τῆς</em></span> <span class='ocrx_word' id='word_1_316' title='bbox 3031 3442 3381 3524; x_wconf 81' lang='grc' dir='ltr'><em>ἐκκλησίας</em></span> 
     </span>
     <span class='ocr_line' id='line_1_32' title="bbox 656 3533 3381 3626; baseline -0.001 -18"><span class='ocrx_word' id='word_1_317' title='bbox 656 3554 726 3609; x_wconf 88' lang='grc'><em>30</em></span> <span class='ocrx_word' id='word_1_318' title='bbox 763 3542 1117 3624; x_wconf 79' lang='grc' dir='ltr'><em>ἐπιτρέποι</em></span> <span class='ocrx_word' id='word_1_319' title='bbox 1171 3534 1256 3605; x_wconf 79' lang='grc' dir='ltr'><em>ἀν</em></span> <span class='ocrx_word' id='word_1_320' title='bbox 1313 3534 1586 3626; x_wconf 89' lang='grc' dir='ltr'><em>θεσμός·</em></span> <span class='ocrx_word' id='word_1_321' title='bbox 1651 3533 2157 3626; x_wconf 80' lang='grc' dir='ltr'><em>ὁμολογουμένῃ</em></span> <span class='ocrx_word' id='word_1_322' title='bbox 2218 3542 2291 3607; x_wconf 86' lang='grc' dir='ltr'><em>δὲ</em></span> <span class='ocrx_word' id='word_1_323' title='bbox 2350 3544 2459 3607; x_wconf 86' lang='grc' dir='ltr'><em>καὶ</em></span> <span class='ocrx_word' id='word_1_324' title='bbox 2516 3533 2962 3626; x_wconf 81' lang='grc' dir='ltr'><em>άναμφιβόλῳ</em></span> <span class='ocrx_word' id='word_1_325' title='bbox 3006 3542 3118 3609; x_wconf 83' lang='grc'><em>31““</em></span> <span class='ocrx_word' id='word_1_326' title='bbox 3160 3547 3381 3607; x_wconf 85' lang='grc' dir='ltr'><em>πίστει</em></span> 
     </span>
     <span class='ocr_line' id='line_1_33' title="bbox 765 3634 3382 3729; baseline -0.001 -24"><span class='ocrx_word' id='word_1_327' title='bbox 765 3635 885 3706; x_wconf 83' lang='grc' dir='ltr'><em>σὺν</em></span> <span class='ocrx_word' id='word_1_328' title='bbox 929 3645 1172 3725; x_wconf 85' lang='grc' dir='ltr'><em>πολλῷ</em></span> <span class='ocrx_word' id='word_1_329' title='bbox 1219 3634 1460 3725; x_wconf 83' lang='grc' dir='ltr'><em>θάρρει</em></span> <span class='ocrx_word' id='word_1_330' title='bbox 1503 3646 1616 3707; x_wconf 89' lang='grc' dir='ltr'><em>καὶ</em></span> <span class='ocrx_word' id='word_1_331' title='bbox 1660 3648 1997 3729; x_wconf 79' lang='grc' dir='ltr'><em>παρρησίᾳ</em></span> <span class='ocrx_word' id='word_1_332' title='bbox 2044 3634 2339 3708; x_wconf 83' lang='grc' dir='ltr'><em>διδάσκει</em></span> <span class='ocrx_word' id='word_1_333' title='bbox 2368 3634 2497 3707; x_wconf 86' lang='grc' dir='ltr'><em>τὸν</em></span> <span class='ocrx_word' id='word_1_334' title='bbox 2526 3635 2699 3707; x_wconf 85' lang='grc' dir='ltr'><em>θεὸν</em></span> <span class='ocrx_word' id='word_1_335' title='bbox 2726 3641 2991 3724; x_wconf 88' lang='grc' dir='ltr'><em>πατέρα</em></span> <span class='ocrx_word' id='word_1_336' title='bbox 3036 3636 3205 3707; x_wconf 79' lang='grc' dir='ltr'><em>εἶναι</em></span> <span class='ocrx_word' id='word_1_337' title='bbox 3236 3638 3382 3707; x_wconf 85' lang='grc' dir='ltr'><em>υἱοῦ</em></span> 
     </span>
     <span class='ocr_line' id='line_1_34' title="bbox 767 3732 3382 3826; baseline 0 -21"><span class='ocrx_word' id='word_1_338' title='bbox 767 3742 895 3805; x_wconf 90' lang='grc' dir='ltr'><em>τοῦ</em></span> <span class='ocrx_word' id='word_1_339' title='bbox 936 3743 1352 3825; x_wconf 88' lang='grc' dir='ltr'><em>μονογενοῦς</em></span> <span class='ocrx_word' id='word_1_340' title='bbox 1398 3732 1780 3825; x_wconf 83' lang='grc' dir='ltr'><em>ὁμολογεῖν,</em></span> <span class='ocrx_word' id='word_1_341' title='bbox 1841 3744 1954 3807; x_wconf 79' lang='grc' dir='ltr'><em>καὶ</em></span> <span class='ocrx_word' id='word_1_342' title='bbox 2012 3735 2183 3826; x_wconf 83' lang='grc' dir='ltr'><em>μήτε</em></span> <span class='ocrx_word' id='word_1_343' title='bbox 2236 3735 2363 3807; x_wconf 84' lang='grc' dir='ltr'><em>τὸν</em></span> <span class='ocrx_word' id='word_1_344' title='bbox 2416 3742 2677 3823; x_wconf 80' lang='grc' dir='ltr'><em>πατέρα</em></span> <span class='ocrx_word' id='word_1_345' title='bbox 2738 3734 2891 3805; x_wconf 85' lang='grc' dir='ltr'><em>υἱὸν</em></span> <span class='ocrx_word' id='word_1_346' title='bbox 2944 3736 3115 3819; x_wconf 67' lang='grc' dir='ltr'><em>εἶναι</em></span> <span class='ocrx_word' id='word_1_347' title='bbox 3146 3732 3211 3825; x_wconf 79' lang='grc' dir='ltr'>ἢ</span> <span class='ocrx_word' id='word_1_348' title='bbox 3256 3734 3382 3806; x_wconf 77' lang='grc' dir='ltr'><em>τὸν</em></span> 
     </span>
     <span class='ocr_line' id='line_1_35' title="bbox 765 3830 3383 3925; baseline 0 -22"><span class='ocrx_word' id='word_1_349' title='bbox 765 3834 920 3905; x_wconf 85' lang='grc' dir='ltr'><em>υἱὸν</em></span> <span class='ocrx_word' id='word_1_350' title='bbox 961 3840 1225 3922; x_wconf 88' lang='grc' dir='ltr'><em>πατέρα</em></span> <span class='ocrx_word' id='word_1_351' title='bbox 1272 3844 1591 3923; x_wconf 81' lang='grc' dir='ltr'><em>νομίζειν·</em></span> <span class='ocrx_word' id='word_1_352' title='bbox 1640 3834 1812 3909; x_wconf 75' lang='grc' dir='ltr'><em>ἀλλὰ</em></span> <span class='ocrx_word' id='word_1_353' title='bbox 1859 3835 1985 3907; x_wconf 84' lang='grc' dir='ltr'><em>τὸν</em></span> <span class='ocrx_word' id='word_1_354' title='bbox 2021 3843 2142 3925; x_wconf 83' lang='grc' dir='ltr'><em>μὲν</em></span> <span class='ocrx_word' id='word_1_355' title='bbox 2172 3832 2507 3925; x_wconf 83' lang='grc' dir='ltr'><em>άγένητον</em></span> <span class='ocrx_word' id='word_1_356' title='bbox 2550 3842 2659 3905; x_wconf 86' lang='grc' dir='ltr'><em>καὶ</em></span> <span class='ocrx_word' id='word_1_357' title='bbox 2694 3832 2914 3907; x_wconf 84' lang='grc' dir='ltr'><em>άίδιον</em></span> <span class='ocrx_word' id='word_1_358' title='bbox 2942 3842 3053 3905; x_wconf 86' lang='grc' dir='ltr'><em>καὶ</em></span> <span class='ocrx_word' id='word_1_359' title='bbox 3086 3830 3383 3924; x_wconf 70' lang='grc' dir='ltr'><em>ἄναρχον</em></span> 
     </span>
     <span class='ocr_line' id='line_1_36' title="bbox 762 3932 3382 4023; baseline 0 -20"><span class='ocrx_word' id='word_1_360' title='bbox 762 3942 874 4003; x_wconf 90' lang='grc' dir='ltr'><em>καὶ</em></span> <span class='ocrx_word' id='word_1_361' title='bbox 919 3942 1206 4019; x_wconf 87' lang='grc' dir='ltr'><em>πρῶτον</em></span> <span class='ocrx_word' id='word_1_362' title='bbox 1261 3944 1372 4004; x_wconf 90' lang='grc' dir='ltr'><em>καὶ</em></span> <span class='ocrx_word' id='word_1_363' title='bbox 1415 3932 1632 4023; x_wconf 89' lang='grc' dir='ltr'><em>μόνον</em></span> <span class='ocrx_word' id='word_1_364' title='bbox 1685 3942 1948 4023; x_wconf 83' lang='grc' dir='ltr'><em>πατέρα</em></span> <span class='ocrx_word' id='word_1_365' title='bbox 1992 3941 2227 4019; x_wconf 85' lang='grc' dir='ltr'><em>σέβειν,</em></span> <span class='ocrx_word' id='word_1_366' title='bbox 2273 3935 2401 4007; x_wconf 85' lang='grc' dir='ltr'><em>τὸν</em></span> <span class='ocrx_word' id='word_1_367' title='bbox 2446 3941 2516 4006; x_wconf 81' lang='grc' dir='ltr'><em>δὲ</em></span> <span class='ocrx_word' id='word_1_368' title='bbox 2561 3939 2634 4005; x_wconf 79' lang='grc' dir='ltr'><em>ἐκ</em></span> <span class='ocrx_word' id='word_1_369' title='bbox 2678 3941 2803 4005; x_wconf 90' lang='grc' dir='ltr'><em>τοῦ</em></span> <span class='ocrx_word' id='word_1_370' title='bbox 2846 3933 3109 4021; x_wconf 83' lang='grc' dir='ltr'><em>πατρὸς</em></span> <span class='ocrx_word' id='word_1_371' title='bbox 3152 3961 3382 4023; x_wconf 88' lang='grc' dir='ltr'><em>γεννη-</em></span> 
     </span>
    </p>
   </div>
   <div class='ocr_carea' id='block_1_4' title="bbox 766 4162 3387 4335">
    <p class='ocr_par' dir='ltr' id='par_1_4' title="bbox 766 4162 3387 4335">
     <span class='ocr_line' id='line_1_37' title="bbox 935 4162 3387 4235; baseline -0.002 -16"><span class='ocrx_word' id='word_1_372' title='bbox 935 4164 973 4219; x_wconf 87' lang='grc'>8</span> <span class='ocrx_word' id='word_1_373' title='bbox 1026 4163 1151 4216; x_wconf 81' lang='lat' dir='ltr'>Joh.</span> <span class='ocrx_word' id='word_1_374' title='bbox 1209 4168 1258 4225; x_wconf 88' lang='lat'><em>5,</em></span> <span class='ocrx_word' id='word_1_375' title='bbox 1307 4164 1374 4219; x_wconf 79' lang='lat'><em>26</em></span> <span class='ocrx_word' id='word_1_376' title='bbox 1425 4194 1490 4203; x_wconf 91' lang='lat'><em>—-</em></span> <span class='ocrx_word' id='word_1_377' title='bbox 1549 4165 1687 4220; x_wconf 76' lang='lat'><strong>1211·</strong></span> <span class='ocrx_word' id='word_1_378' title='bbox 1736 4166 1847 4235; x_wconf 83' lang='lat' dir='ltr'><strong>vgl.</strong></span> <span class='ocrx_word' id='word_1_379' title='bbox 1884 4164 2131 4219; x_wconf 78' lang='lat' dir='ltr'>Marcell.</span> <span class='ocrx_word' id='word_1_380' title='bbox 2186 4164 2281 4219; x_wconf 86' lang='lat' dir='ltr'><em>Nr.</em></span> <span class='ocrx_word' id='word_1_381' title='bbox 2315 4164 2399 4217; x_wconf 88' lang='grc'><em>42.</em></span> <span class='ocrx_word' id='word_1_382' title='bbox 2445 4166 2527 4219; x_wconf 82' lang='grc'><em>43.</em></span> <span class='ocrx_word' id='word_1_383' title='bbox 2572 4164 2655 4217; x_wconf 88' lang='grc'><em>81.</em></span> <span class='ocrx_word' id='word_1_384' title='bbox 2700 4166 2784 4220; x_wconf 88' lang='grc'><em>92.</em></span> <span class='ocrx_word' id='word_1_385' title='bbox 2828 4167 2909 4220; x_wconf 81' lang='lat'><em>54.</em></span> <span class='ocrx_word' id='word_1_386' title='bbox 2956 4167 3037 4219; x_wconf 84' lang='lat'><em>55.</em></span> <span class='ocrx_word' id='word_1_387' title='bbox 3073 4165 3154 4228; x_wconf 80' lang='lat'><em>56,</em></span> <span class='ocrx_word' id='word_1_388' title='bbox 3208 4162 3387 4217; x_wconf 78' lang='lat' dir='ltr'><strong>fex-ner</strong></span> 
     </span>
     <span class='ocr_line' id='line_1_38' title="bbox 766 4264 2272 4335; baseline 0.001 -18"><span class='ocrx_word' id='word_1_389' title='bbox 766 4265 820 4318; x_wconf 91' lang='lat' dir='ltr'><em>S.</em></span> <span class='ocrx_word' id='word_1_390' title='bbox 860 4264 938 4330; x_wconf 89' lang='lat'><em>18,</em></span> <span class='ocrx_word' id='word_1_391' title='bbox 975 4266 1102 4319; x_wconf 74' lang='lat'>3311·</span> <span class='ocrx_word' id='word_1_392' title='bbox 1131 4294 1194 4302; x_wconf 92' lang='lat'>—</span> <span class='ocrx_word' id='word_1_393' title='bbox 1235 4266 1378 4320; x_wconf 67' lang='lat'><em>2812</em></span> <span class='ocrx_word' id='word_1_394' title='bbox 1407 4265 1516 4335; x_wconf 76' lang='lat' dir='ltr'>vgl.</span> <span class='ocrx_word' id='word_1_395' title='bbox 1555 4266 1646 4321; x_wconf 90' lang='lat' dir='ltr'><em>Nr.</em></span> <span class='ocrx_word' id='word_1_396' title='bbox 1683 4268 1765 4321; x_wconf 88' lang='lat'><em>61.</em></span> <span class='ocrx_word' id='word_1_397' title='bbox 1801 4268 1884 4321; x_wconf 78' lang='lat'><em>28.</em></span> <span class='ocrx_word' id='word_1_398' title='bbox 1920 4268 2001 4322; x_wconf 83' lang='lat'><em>62.</em></span> <span class='ocrx_word' id='word_1_399' title='bbox 2040 4270 2106 4322; x_wconf 84' lang='lat'><em>55</em></span> <span class='ocrx_word' id='word_1_400' title='bbox 2142 4284 2272 4319; x_wconf 80' lang='lat' dir='ltr'><strong>usw.</strong></span> 
     </span>
    </p>
   </div>
   <div class='ocr_carea' id='block_1_5' title="bbox 767 4445 3389 4724">
    <p class='ocr_par' dir='ltr' id='par_1_5' title="bbox 767 4445 3389 4724">
     <span class='ocr_line' id='line_1_39' title="bbox 943 4445 3388 4523; baseline 0 -19"><span class='ocrx_word' id='word_1_401' title='bbox 943 4450 970 4504; x_wconf 92' lang='lat' dir='ltr'>l</span> <span class='ocrx_word' id='word_1_402' title='bbox 1011 4453 1158 4505; x_wconf 86' lang='grc' dir='ltr'><em>θεοῦ</em></span> <span class='ocrx_word' id='word_1_403' title='bbox 1191 4468 1230 4519; x_wconf 83' lang='lat' dir='ltr'>g</span> <span class='ocrx_word' id='word_1_404' title='bbox 1264 4450 1404 4506; x_wconf 86' lang='grc' dir='ltr'><em>θεὸν</em></span> <span class='ocrx_word' id='word_1_405' title='bbox 1443 4451 1490 4503; x_wconf 93' lang='lat' dir='ltr'><strong>V</strong></span> <span class='ocrx_word' id='word_1_406' title='bbox 1521 4452 1530 4519; x_wconf 89' lang='grc'>1</span> <span class='ocrx_word' id='word_1_407' title='bbox 1561 4454 1598 4507; x_wconf 78' lang='grc'><strong>6</strong></span> <span class='ocrx_word' id='word_1_408' title='bbox 1631 4472 1684 4507; x_wconf 89' lang='grc' dir='ltr'><em>τι</em></span> <span class='ocrx_word' id='word_1_409' title='bbox 1719 4455 1810 4507; x_wconf 72' lang='lat' dir='ltr'>etr.</span> <span class='ocrx_word' id='word_1_410' title='bbox 1852 4454 1927 4505; x_wconf 84' lang='lat' dir='ltr'><em>V²</em></span> <span class='ocrx_word' id='word_1_411' title='bbox 1956 4454 1964 4520; x_wconf 95' lang='grc' dir='ltr'>Ι</span> <span class='ocrx_word' id='word_1_412' title='bbox 1996 4452 2077 4509; x_wconf 69' lang='lat'><em>81</em></span> <span class='ocrx_word' id='word_1_413' title='bbox 2108 4446 2288 4517; x_wconf 73' lang='grc' dir='ltr'><em>οὕτως</em></span> <span class='ocrx_word' id='word_1_414' title='bbox 2314 4482 2378 4490; x_wconf 91' lang='lat'><em>——-</em></span> <span class='ocrx_word' id='word_1_415' title='bbox 2404 4447 2614 4523; x_wconf 76' lang='grc' dir='ltr'><em>ἑαυτῷ2</em></span> <span class='ocrx_word' id='word_1_416' title='bbox 2648 4462 2733 4503; x_wconf 81' lang='lat' dir='ltr'><em>mr</em></span> <span class='ocrx_word' id='word_1_417' title='bbox 2774 4450 2781 4511; x_wconf 91' lang='grc' dir='ltr'>Ι</span> <span class='ocrx_word' id='word_1_418' title='bbox 2833 4450 2910 4503; x_wconf 80' lang='lat'><em>14</em></span> <span class='ocrx_word' id='word_1_419' title='bbox 2944 4448 2981 4517; x_wconf 83' lang='grc' dir='ltr'>ἢ</span> <span class='ocrx_word' id='word_1_420' title='bbox 3016 4449 3087 4503; x_wconf 86' lang='lat' dir='ltr'><em>Kl</em></span> <span class='ocrx_word' id='word_1_421' title='bbox 3124 4445 3155 4502; x_wconf 83' lang='grc' dir='ltr'><em>δ</em></span> <span class='ocrx_word' id='word_1_422' title='bbox 3193 4447 3388 4515; x_wconf 77' lang='lat' dir='ltr'>V119</span> 
     </span>
     <span class='ocr_line' id='line_1_40' title="bbox 767 4546 3389 4622; baseline -0.001 -17"><span class='ocrx_word' id='word_1_423' title='bbox 767 4546 886 4620; x_wconf 72' lang='grc' dir='ltr'><em>ἔχει</em></span> <span class='ocrx_word' id='word_1_424' title='bbox 921 4550 1026 4604; x_wconf 80' lang='lat' dir='ltr'><em>We</em></span> <span class='ocrx_word' id='word_1_425' title='bbox 1063 4546 1183 4620; x_wconf 67' lang='grc' dir='ltr'><em>ἔχοι</em></span> <span class='ocrx_word' id='word_1_426' title='bbox 1222 4552 1268 4604; x_wconf 80' lang='lat' dir='ltr'>V</span> <span class='ocrx_word' id='word_1_427' title='bbox 1301 4556 1308 4619; x_wconf 89' lang='grc' dir='ltr'>Ι</span> <span class='ocrx_word' id='word_1_428' title='bbox 1342 4551 1463 4607; x_wconf 70' lang='lat'><em>201</em></span> <span class='ocrx_word' id='word_1_429' title='bbox 1491 4554 1588 4607; x_wconf 79' lang='grc' dir='ltr'><em>καὶ</em></span> <span class='ocrx_word' id='word_1_430' title='bbox 1621 4552 1799 4622; x_wconf 84' lang='grc' dir='ltr'><em>λόγον</em></span> <span class='ocrx_word' id='word_1_431' title='bbox 1831 4556 1924 4606; x_wconf 72' lang='lat' dir='ltr'><strong>str.</strong></span> <span class='ocrx_word' id='word_1_432' title='bbox 1964 4552 2036 4606; x_wconf 87' lang='lat' dir='ltr'><em>Kl</em></span> <span class='ocrx_word' id='word_1_433' title='bbox 2074 4555 2083 4619; x_wconf 89' lang='grc'>1</span> <span class='ocrx_word' id='word_1_434' title='bbox 2125 4554 2197 4608; x_wconf 76' lang='lat'><em>21</em></span> <span class='ocrx_word' id='word_1_435' title='bbox 2241 4548 2329 4607; x_wconf 72' lang='grc' dir='ltr'><em>ὅτι</em></span> <span class='ocrx_word' id='word_1_436' title='bbox 2346 4553 2451 4606; x_wconf 81' lang='lat' dir='ltr'><em>We</em></span> <span class='ocrx_word' id='word_1_437' title='bbox 2487 4550 2541 4607; x_wconf 88' lang='grc' dir='ltr'><em>εἰ</em></span> <span class='ocrx_word' id='word_1_438' title='bbox 2562 4552 2613 4605; x_wconf 90' lang='lat' dir='ltr'><strong>V</strong></span> <span class='ocrx_word' id='word_1_439' title='bbox 2652 4552 2661 4621; x_wconf 82' lang='grc' dir='ltr'>Ι</span> <span class='ocrx_word' id='word_1_440' title='bbox 2701 4552 2781 4607; x_wconf 74' lang='lat'><em>24</em></span> <span class='ocrx_word' id='word_1_441' title='bbox 2818 4552 2918 4607; x_wconf 83' lang='grc' dir='ltr'><em>τὸν</em></span> <span class='ocrx_word' id='word_1_442' title='bbox 2955 4546 3128 4605; x_wconf 81' lang='grc' dir='ltr'><em>αὐτὸν</em></span> <span class='ocrx_word' id='word_1_443' title='bbox 3149 4550 3212 4616; x_wconf 84' lang='lat' dir='ltr'><em>V,</em></span> <span class='ocrx_word' id='word_1_444' title='bbox 3252 4566 3389 4603; x_wconf 84' lang='lat' dir='ltr'>corr.</span> 
     </span>
     <span class='ocr_line' id='line_1_41' title="bbox 769 4649 2936 4724; baseline 0.001 -19"><span class='ocrx_word' id='word_1_445' title='bbox 769 4666 854 4705; x_wconf 74' lang='lat' dir='ltr'><em>mr</em></span> <span class='ocrx_word' id='word_1_446' title='bbox 908 4652 918 4719; x_wconf 87' lang='grc' dir='ltr'>Ι</span> <span class='ocrx_word' id='word_1_447' title='bbox 973 4652 1052 4706; x_wconf 81' lang='lat'><em>28</em></span> <span class='ocrx_word' id='word_1_448' title='bbox 1089 4649 1218 4705; x_wconf 78' lang='grc' dir='ltr'><em>οὐδὲ</em></span> <span class='ocrx_word' id='word_1_449' title='bbox 1253 4670 1308 4705; x_wconf 88' lang='lat' dir='ltr'><strong>m</strong></span> <span class='ocrx_word' id='word_1_450' title='bbox 1346 4650 1507 4707; x_wconf 73' lang='grc' dir='ltr'><em>οὐδὲν</em></span> <span class='ocrx_word' id='word_1_451' title='bbox 1533 4653 1579 4706; x_wconf 90' lang='lat' dir='ltr'>V</span> <span class='ocrx_word' id='word_1_452' title='bbox 1627 4656 1635 4721; x_wconf 89' lang='grc' dir='ltr'>Ι</span> <span class='ocrx_word' id='word_1_453' title='bbox 1685 4654 1758 4709; x_wconf 78' lang='grc'><em>29</em></span> <span class='ocrx_word' id='word_1_454' title='bbox 1795 4652 1987 4717; x_wconf 84' lang='grc' dir='ltr'><em>αὐτοῖς</em></span> <span class='ocrx_word' id='word_1_455' title='bbox 2024 4652 2095 4707; x_wconf 89' lang='lat' dir='ltr'><em>Kl</em></span> <span class='ocrx_word' id='word_1_456' title='bbox 2130 4661 2249 4717; x_wconf 86' lang='grc' dir='ltr'><em>τοῖς</em></span> <span class='ocrx_word' id='word_1_457' title='bbox 2282 4652 2657 4724; x_wconf 79' lang='grc' dir='ltr'><em>βουλομένοις</em></span> <span class='ocrx_word' id='word_1_458' title='bbox 2691 4653 2769 4707; x_wconf 84' lang='lat' dir='ltr'><em>V2</em></span> <span class='ocrx_word' id='word_1_459' title='bbox 2804 4670 2851 4706; x_wconf 77' lang='lat' dir='ltr'><em>a.</em></span> <span class='ocrx_word' id='word_1_460' title='bbox 2888 4654 2936 4707; x_wconf 87' lang='lat' dir='ltr'>R</span> 
     </span>
    </p>
   </div>
   <div class='ocr_carea' id='block_1_6' title="bbox 3408 871 3481 921">
    <p class='ocr_par' dir='ltr' id='par_1_6' title="bbox 3408 871 3481 921">
     <span class='ocr_line' id='line_1_42' title="bbox 3408 871 3481 921; baseline -0.014 0"><span class='ocrx_word' id='word_1_461' title='bbox 3408 871 3481 921; x_wconf 90' lang='lat'><em>14</em></span> 
     </span>
    </p>
   </div>
   <div class='ocr_carea' id='block_1_7' title="bbox 3406 1565 3485 1618">
    <p class='ocr_par' dir='ltr' id='par_1_7' title="bbox 3406 1565 3485 1618">
     <span class='ocr_line' id='line_1_43' title="bbox 3406 1565 3485 1618; baseline 0.025 -2"><span class='ocrx_word' id='word_1_462' title='bbox 3406 1565 3485 1618; x_wconf 81' lang='lat'><em>15</em></span> 
     </span>
    </p>
   </div>
   <div class='ocr_carea' id='block_1_8' title="bbox 3414 2457 3485 2509">
    <p class='ocr_par' dir='ltr' id='par_1_8' title="bbox 3414 2457 3485 2509">
     <span class='ocr_line' id='line_1_44' title="bbox 3414 2457 3485 2509; baseline 0.014 -1"><span class='ocrx_word' id='word_1_463' title='bbox 3414 2457 3485 2509; x_wconf 84' lang='lat'><em>16</em></span> 
     </span>
    </p>
   </div>
   <div class='ocr_carea' id='block_1_9' title="bbox 3414 2757 3485 2911">
    <p class='ocr_par' dir='ltr' id='par_1_9' title="bbox 3414 2757 3485 2911">
     <span class='ocr_line' id='line_1_45' title="bbox 3414 2761 3455 2911; textangle 90"><span class='ocrx_word' id='word_1_464' title='bbox 3414 2856 3455 2911; x_wconf 69' lang='grc' dir='ltr'><em>οι</em></span> <span class='ocrx_word' id='word_1_465' title='bbox 3416 2761 3443 2811; x_wconf 66' lang='grc' dir='ltr'><em>μ·</em></span> 
     </span>
     <span class='ocr_line' id='line_1_46' title="bbox 3454 2757 3485 2808; textangle 90"><span class='ocrx_word' id='word_1_466' title='bbox 3454 2757 3485 2808; x_wconf 52' lang='lat' dir='ltr'><em>-sJ</em></span> 
     </span>
    </p>
   </div>
   <div class='ocr_carea' id='block_1_10' title="bbox 3677 2739 3691 4063">
    <p class='ocr_par' dir='ltr' id='par_1_10' title="bbox 3677 2739 3691 4063">
     <span class='ocr_line' id='line_1_47' title="bbox 3677 2739 3691 4063; baseline 0 0"><span class='ocrx_word' id='word_1_467' title='bbox 3677 2739 3691 4063; x_wconf 95' lang='lat' dir='ltr'><em> </em></span> 
     </span>
    </p>
   </div>
   <div class='ocr_carea' id='block_1_11' title="bbox 3677 4532 3690 5550">
    <p class='ocr_par' dir='ltr' id='par_1_11' title="bbox 3677 4532 3690 5550">
     <span class='ocr_line' id='line_1_48' title="bbox 3677 4532 3690 5550; baseline 0 0"><span class='ocrx_word' id='word_1_468' title='bbox 3677 4532 3690 5550; x_wconf 95' lang='lat' dir='ltr'><em> </em></span> 
     </span>
    </p>
   </div>
  </div>
 </body>
</html>
