3694 5582
674 513 752 576 86
1845 505 2115 562 Eusebius

674 665 888 742 αὐτοῦ
932 677 1207 759 γνῶσις,
1262 675 1428 760 μηδὲ
1471 677 1855 760 περαιτέρω
1901 700 2007 752 τις
2052 677 2281 760 ζητῶν
2324 679 2631 760 χωρείτω
2678 670 2944 760 φύσεως
2986 677 3141 760 πέρι
3182 679 3297 742 καὶ

676 765 906 852 ουσίας
951 766 1375 860 ἀπορρήτου,
1431 767 1606 860 μόνη
1647 776 1720 841 δὲ
1763 767 1924 860 ἡμῖν
1966 766 2006 860 ἡ
2049 767 2264 842 αὐτοῦ
2306 777 2457 857 περὶ
2514 768 2728 842 αυτοῦ
2771 777 3165 892 διδασκαλία
3209 779 3353 860 τῇ

679 875 802 957 τῆς
841 876 1136 952 πίστεως
1176 871 1580 957 βεβαιώσθω
1609 867 1852 960 χάριτι,
1892 877 2131 957 σαφῶς
2174 865 2407 941 πάντα
2451 867 2643 959 αὐτῷ
2684 867 2821 944 ὑπὸ
2865 877 2992 941 τοῦ
3032 869 3296 958 πατρὸς

673 965 1184 1057 παραδεδόσθαι
1225 969 1656 1042 παιδεύουσα.
1739 963 1994 1040 οὐκοῦν
2046 963 2084 1040 6
2138 975 2263 1058 μὲν
2303 968 2469 1051 θεὸς
2512 974 2737 1041 ἐδίδου
2776 978 2889 1041 καὶ
2932 976 3297 1060 παρεδίδου
3330 986 3402 1040 30

607 1089 640 1142 5
675 1074 784 1141 ἐπὶ
827 1068 1178 1154 βελτιώσει
1220 1078 1334 1140 καὶ
1379 1065 1694 1160 ὠφελείᾳ,
1739 1067 1855 1141 οἶα
1886 1073 2153 1162 σωτῆρι
2179 1077 2293 1140 καὶ
2322 1074 2541 1158 ἰατρῷ
2584 1076 2699 1142 καὶ
2740 1069 3117 1160 κυβερνήτῃ
3146 1077 3297 1142 τῶν

677 1163 870 1241 όλων
931 1169 1060 1258 τὴν
1118 1165 1501 1258 παράδοσιν
1559 1193 1992 1258 ποιουμενος·
2065 1163 2104 1238 6
2167 1174 2239 1239 δὲ
2304 1175 2313 1254 Ι
2378 1167 2524 1253 υἱὸς
2584 1167 2953 1258 ἐλάμβανεν
3013 1177 3125 1241 καὶ
3186 1171 3297 1241 οἶα
3334 1184 3417 1242 8⁹

673 1267 920 1350 πιστὸς
945 1267 1542 1358 παραθηκοφύλαξ
1571 1267 1702 1358 τῆν
1731 1265 1921 1341 δόσιν
1963 1265 2253 1356 υπεῑχεν,
2298 1264 2421 1356 οὐχ
2466 1265 2563 1350 αἶς
2591 1267 2797 1358 λόγος
2840 1265 3155 1352 ἇνούσιος
3184 1278 3295 1340 καὶ

677 1361 1176 1452 ἀνυπόστατος,
1221 1364 1372 1440 ἀλλ’
1419 1366 1515 1451 οὖς
1559 1365 1839 1457 άληθῶς
1884 1367 2027 1450 υἱὸς
2068 1360 2173 1439 ὠν
2215 1367 2593 1459 μονογενὴς
2635 1377 2747 1440 καὶ
2778 1365 3127 1458 ἀγαπητὸς
3170 1376 3297 1440 τοῦ

675 1464 954 1559 πατρός.

575 1583 643 1638 10
843 1567 916 1655 ζ’.
977 1569 1080 1638 ἔτι
1121 1565 1296 1656 πρὸς
1357 1564 1634 1650 τούτοις
1691 1575 1804 1637 καὶ
1866 1565 2082 1654 ἄρτον
2144 1573 2321 1655 ζωῆς
2376 1563 2581 1650 αυτὸς
2634 1567 2880 1638 ἑαυτὸν
2944 1563 3297 1656 ωνόμαζεν
3331 1587 3397 1641 31

679 1673 900 1758 λέγων
950 1666 1142 1786 ›5705-
1163 1671 1295 1756 εἰμι
1339 1659 1378 1736 6
1423 1663 1632 1753 ἄρτος
1677 1671 1800 1753 τῆς
1846 1671 2086 1754 ζωῆςα,
2137 1666 2307 1755 »ἐγώ
2352 1671 2483 1756 εἰμι
2527 1661 2565 1738 6
2610 1665 2820 1754 ἄρτος
2864 1662 2903 1738 6
2949 1674 3091 1754 ζῶν
3133 1663 3172 1739 6
3222 1673 3295 1741 ἐκ

677 1773 805 1840 τοῦ
849 1764 1143 1854 οὖρανοῦ
1184 1759 1540 1852 καταβάςι.
1625 1771 1736 1836 καὶ
1798 1795 1992 1848 οπως
2034 1761 2289 1856 υπῆρχε
2334 1772 2503 1853 ζῶν,
2556 1764 2857 1854 διεσάφει
2901 1764 3293 1856 τρανότατα

679 1873 1034 1956 διαρθροῦν
1076 1871 1151 1937 ἐν
1195 1865 1298 1948 οἷς
1341 1888 1547 1954 φησιν
1615 1867 1890 1949 »καθὼς
1952 1862 2345 1938 ἀπέστειλέν
2404 1894 2485 1954 με
2534 1861 2571 1936 6
2622 1873 2761 1953 ζῶν
2816 1866 3046 1956 πατὴρ
3104 1863 3293 1958 κάγώ

679 1974 775 2056 ζῶ
847 1965 958 2038 διὰ
1019 1965 1146 2037 τὸν
1213 1969 1505 2053 πατέρα,
1577 1971 1691 2035 καὶ
1749 1959 1789 2036 6
1852 1964 2147 2053 τρώγων
2218 1993 2297 2055 με
2356 1961 2667 2052 κάκεῖνος
2730 1963 2911 2056 ζήσει
2970 1965 3063 2037 δι’
3126 1970 3401 2054 ἐμέ«.32

575 2083 640 2137 15
678 2072 890 2138 τοῦτο
937 2071 1049 2140 57¹
1106 2071 1179 2136 δὲ
1219 2071 1334 2136 καὶ
1376 2066 1518 2136 ἐν(
1494 2070 1752 2151 ετέροις
1813 2067 2113 2150 ἐδίδαξεν
2172 2065 2391 2136 εἰπών
2455 2088 2723 2152 »ωσπερ
2782 2063 2909 2154 γὰρ
2970 2060 3009 2138 6
3066 2066 3293 2156 πατὴρ

679 2165 898 2292 §mbu-
917 2169 1050 2255 ε’χει
1117 2168 1196 2237 ἐν
1255 2167 1496 2254 ἑαυτῷ,
1569 2157 1792 2250 ου’τως
1853 2171 1963 2234 καὶ
2025 2171 2129 2254 τῷ
2192 2168 2319 2253 υἱῷ
2394 2165 2649 2235 ἔδωκεν
2720 2165 2907 2254 ζωὴν
2980 2167 3153 2255 ἔχειν
3224 2170 3299 2236 ἐν

680 2267 962 2356 {avt-13⁴5«.
1047 2261 1152 2353 ἄρ’
1199 2257 1324 2336 οὖν
1373 2270 1486 2336 καὶ
1547 2263 1758 2354 ἄρτος
1818 2293 1905 2353 ην
1968 2269 2143 2352 ζωῆς
2200 2268 2316 2334 καὶ
2374 2259 2676 2354 υπῆρχεν
2737 2269 2812 2334 ἐν
2864 2271 2970 2354 τῷ
3024 2262 3297 2354 ουρανῷ

679 2365 802 2448 τὰς
845 2360 1200 2455 ἇγγελικὰς
1243 2361 1552 2454 δυνάμεις
1593 2359 1913 2450 ἐπάρδων
1954 2370 2067 2435 καὶ
2112 2370 2392 2450 τρέφων
2435 2371 2521 2453 τῇ
2551 2369 2675 2453 τῆς
2718 2359 3055 2453 θεότητος
3086 2360 3297 2435 αὐτοῦ

679 2461 972 2554 δυνάμει,
1015 2472 1128 2537 καὶ
1172 2469 1474 2536 τοσαῦτα
1517 2455 1602 2551 ἧν
1643 2469 1807 2549 πρὶν
1850 2467 1961 2534 ἐπὶ
2004 2468 2125 2552 γῆς
2168 2467 2419 2549 ἐλθεῖν,
2464 2459 2610 2545 υιός
2660 2491 2737 2534 τε
2767 2465 2879 2581 572³-
2896 2462 3077 2553 ζωὴν
3121 2465 3294 2552 ἔχων

575 2568 795 2638 2ουὲν
856 2566 1149 2653 εαυτῷι,
1213 2557 1465 2653 ὁμοίως
1525 2567 1630 2651 τῷ
1689 2569 1900 2648 πατρὶ
1962 2563 2147 2652 ζωὴν
2206 2566 2437 2651 ἔχοντι
2503 2565 2681 2634 ’bv‘
2659 2568 2941 2651 εαυτῷι.
2972 2570 3058 2587 ’“’
3028 2561 3109 2632 τὸ
3168 2563 3295 2652 γὰρ
3330 2581 3403 2636 33

679 2668 1027 2752 ἐξαίρετον
1068 2619 1180 2733 κάὶ
1223 2659 1486 2749 ἰδιάζον
1526 2667 1652 2751 τῆς
1695 2667 1821 2734 τοῦ
1864 2660 2125 2748 πατρὸς
2166 2659 2502 2752 άγενήτου
2544 2669 2655 2732 καὶ
2684 2668 2921 2751 θεῖκῆς
2967 2668 3164 2752 ζωῆς,
3208 2644 3341 2734 δι’

677 2759 767 2853 ἣν
831 2758 1096 2891 »μόηνος
1139 2765 1312 2851 ε’χειν
1377 2757 1795 2834 ἀθανασίαν(
1864 2760 2041 2833 κατὰ
2106 2759 2232 2833 τὸν
2292 2772 2488 2835 θεῖον
2549 2756 2947 2835 ἀπόστολον
3016 2767 3293 2853 εἴρηται,

678 2860 890 2953 μόνος
933 2889 1022 2932 αν
1065 2866 1204 2950 εχοι
1249 2856 1288 2931 6
1333 2859 1496 2943 υιός,
1542 2854 1666 2932 άτε
1707 2862 1915 2933 εἰκων
1962 2867 2087 2933 τοῦ
2128 2860 2393 2948 πατρὸς
2430 2868 2543 2933 καὶ
2584 2860 2761 2933 κατὰ
2804 2868 3017 2935 τοῦτο
3058 2859 3297 2952 τυγχά·

679 2984 848 3034 νων·
920 2964 1050 3050 ἔχει
1107 2965 1182 3031 δὲ
1243 2960 1373 3050 τὴν
1427 2967 1779 3049 εἰρημένην
1823 2960 2009 3050 ζωὴν
2053 2956 2177 3031 οὐκ
2220 2958 2522 3049 ἄναρχον
2565 2958 2721 3033 οὐδὲ
2764 2957 3097 3050 ἀγένητον
3140 2958 3297 3034 οὐδὲ

575 3080 644 3135 25
679 3058 1074 3149 ἰδιόκτητον
1116 3055 1370 3151 ὁμοίως
1413 3066 1519 3150 τῷ
1561 3066 1791 3148 πατρί,
1837 3056 2011 3131 ἀλλὰ
2055 3059 2241 3149 παρὰ
2278 3064 2405 3130 τοῦ
2448 3060 2711 3147 πατρὸς
2752 3060 3000 3143 λαβών.
3074 3054 3295 3143 οὕτως
3331 3080 3405 3134 34

680 3158 806 3251 γάρ
851 3182 1056 3251 φησιν
1104 3167 1252 3231 »καὶ
1294 3165 1400 3249 τῷ
1441 3162 1570 3249 υἱῷ
1613 3161 1871 3231 ἔδωκεν
1914 3158 2100 3248 ζωὴν
2128 3161 2303 3248 ἔχειν
2333 3162 2407 3230 ἐν
2434 3162 2683 3250 ἑαυτῷ,
2727 3162 2969 3244 καθώς
2998 3156 3037 3233 6
3067 3159 3293 3251 πατὴρ

681 3260 865 3350 ζωὴν
907 3263 1038 3349 ἔχει
1079 3265 1152 3331 ἐν
1195 3262 1479 3350 ἑαυτῷι.
1538 3254 1790 3331 οὐκοῦν
1833 3254 1871 3330 6
1916 3266 2039 3349 μὲν
2084 3263 2353 3343 ἔδωκεν,
2400 3255 2439 3331 6
2485 3266 2557 3331 δὲ
2587 3266 2883 3349 εἴληφεν.
2944 3268 3055 3332 καὶ
3082 3260 3297 3350 μόνος

679 3356 871 3433 τοῦτ’
934 3364 1211 3447 εἴληφεν
1272 3358 1354 3431 τὸ
1417 3364 1640 3448 γέρας,
1711 3355 1808 3442 ὥς
1876 3357 1966 3448 μὴ
2029 3363 2286 3445 ἔξωθέν
2346 3368 2573 3431 ποθεν
2634 3356 2825 3449 αὐτῷ
2894 3368 3298 3449 πορίζεσθαι

679 3452 934 3548 ὁμοίως
975 3476 1121 3542 τοῖς
1164 3471 1434 3541 λοιποῖς
1491 3465 1700 3545 ζῶσιν
1760 3458 1893 3549 τὴν
1954 3456 2167 3548 ζωήν,
2232 3454 2381 3530 ἀλλ’
2444 3462 2519 3530 ἐν
2578 3459 2803 3547 ἑαυτῷ
2862 3458 3297 3549 πηγάζουσαν

577 3574 644 3630 30
679 3561 854 3647 ἔχειν
897 3555 1114 3647 αὐτὴν
1157 3556 1332 3629 κατὰ
1379 3558 1509 3647 τὴν
1549 3562 1626 3629 ἐν
1680 3564 1784 3647 τῷ
1838 3566 2064 3647 πατρί.
2152 3555 2257 3630 διὸ
2300 3555 2535 3629 πάντα
2587 3562 2713 3645 μὲν
2756 3556 2906 3646 <τὰ>
2952 3564 3076 3647 τῆς
3122 3564 3297 3648 ζωῆς

676 3666 928 3750 μέτοχα
971 3663 1040 3744 ἐξ
1083 3662 1514 3746 ἐπιχορηγίας
1557 3662 1686 3730 τοῦ
1723 3661 1881 3729 υἱοῦ
1925 3665 2025 3746 ζῇ·
2070 3654 2281 3747 μόνος
2311 3664 2383 3729 δὲ
2412 3654 2619 3739 αὐτὸς
2648 3654 3084 3746 πηγάζουσαν
3112 3657 3299 3747 ζωὴν

681 3762 811 3847 ἔχει
853 3762 930 3829 ἐν
973 3758 1223 3845 ἑαυτῷ,
1261 3762 1406 3826 -τοῦ
1448 3754 1713 3845 πατρὸς
1757 3754 1949 3847 αὐτῷ
1993 3762 2207 3830 τοῦτο
2253 3762 2735 3846 δωρησαμένου
2780 3762 2873 3837 εἰς
2918 3755 3296 3829 ἀπόλαυσιν

679 3865 828 3929 τῶν
887 3854 1288 3947 μελλόντων
1347 3853 1437 3926 δι’
1505 3853 1718 3927 αὐτοῦ
1781 3868 2283 3943 ζωοποιεῑσθαι.
2370 3851 2407 3928 3
2471 3855 2551 3945 δὴ
2595 3864 2708 3927 καὶ
2752 3852 2958 3938 αὐτὸς
3000 3853 3295 3928 διδάσκει
3332 3868 3405 3924 35

679 3962 903 4046 λέγων
951 3956 1228 4039 »καθώς
1269 3952 1663 4027 ἀπέστειλέν
1703 3985 1784 4045 με
1824 3951 1864 4026 6
1912 3963 2051 4043 ζῶν
2095 3955 2324 4045 πατὴρ
2366 3952 2557 4045 κάγώ
2590 3962 2685 4043 ζῶ
2716 3956 2827 4027 διὰ
2858 3953 2985 4027 τὸν
3010 3962 3295 4045 πατέρα,

575 4072 643 4125 35
677 4063 790 4127 καὶ
833 4050 872 4126 6
917 4055 1213 4145 τρώγων
1253 4082 1332 4145 με
1375 4052 1690 4137 κάκεῖνος
1735 4053 1915 4145 ζήσει
1958 4052 2050 4127 δι’
2096 4060 2223 4144 ἐμέ.
2310 4047 2515 4137 οὗτός
2558 4060 2742 4128 ἐστιν
2784 4050 2823 4125 6
2870 4054 3082 4145 ἄρτος
3136 4051 3174 4128 6
3222 4061 3299 4127 ἐκ

683 4160 806 4226 τοῦ
851 4151 1144 4243 οὗρανοῦ
1187 4153 1538 4239 καταβάςι.
1628 4150 1791 4243 ὁρᾶς
1852 4146 2047 4239 ὅπως
2106 4162 2219 4225 καὶ
2268 4158 2343 4228 ἐν
2385 4152 2663 4245 οὐρανῷ
2717 4151 3046 4245 ὑπάρχων
3089 4153 3298 4244 ἄρτος

853 4324 928 4381 11
966 4325 1088 4380 Joh.
1125 4326 1174 4391 6,
1208 4324 1278 4379 48
1313 4353 1378 4363 —
1414 4324 1536 4378 Joh.
1573 4324 1622 4390 6,
1641 4326 1705 4377 51
1741 4353 1808 4363 ——
1851 4324 1926 4381 18
1962 4324 2087 4381 Joh.
2108 4328 2157 4391 6,
2177 4328 2243 4381 57
2278 4354 2345 4365 --
2383 4325 2461 4381 15
2496 4324 2619 4381 Joh.
2640 4328 2687 4392 5,
2706 4326 2773 4380 26
2808 4354 2874 4363 -
2912 4324 2992 4381 20
3028 4324 3298 4391 Joh.5,26

679 4456 746 4465 —
782 4425 860 4481 2⁶2.
899 4426 924 4478 I
958 4426 1097 4479 Tim.
1135 4428 1183 4493 6,
1220 4427 1286 4480 16
1322 4453 1387 4463 -
1425 4426 1504 4482 26
1542 4425 1665 4479 Joh.
1703 4429 1750 4493 5,
1787 4426 1855 4482 26
1890 4458 1955 4465 -
1993 4427 2071 4481 84
2110 4426 2233 4482 Joh.
2268 4428 2317 4488 6,
2352 4430 2436 4482 57.
2473 4428 2540 4481 58

853 4577 882 4631 1
925 4596 1018 4631 ππ»
1053 4594 1086 4623 ⁴*
1121 4594 1154 4623 ἢ
1189 4594 1222 4624 ⁴*
1255 4572 1403 4649 τέρω
1425 4576 1523 4641 V*,
1561 4592 1697 4631 corr.
1720 4576 1800 4629 V²
1829 4578 1838 4645 Ι
1868 4575 1905 4631 2
1940 4579 2071 4649 περὶ
2090 4573 2264 4631 αὐτοῦ
2283 4577 2333 4631 V
2363 4578 2373 4644 1
2404 4575 2442 4632 8
2466 4574 2829 4649 βεβαιοῦσθαι
2850 4576 2897 4629 V
2929 4576 2937 4643 1
2973 4577 3000 4631 7
3034 4572 3297 4647 ὑπεὶχετο

685 4680 750 4733 V.
788 4696 924 4733 corr.
943 4676 1050 4732 We
1095 4678 1106 4745 1
1155 4676 1233 4733 28
1269 4677 1591 4733 τοῦτονΜο
1641 4680 1650 4745 Ι
1698 4679 1778 4734 80
1812 4676 1883 4733 τὰ
1918 4680 2007 4734 fib.
2032 4680 2081 4733 d.
2102 4680 2153 4733 Z.
2176 4680 2253 4733 V²
2296 4680 2306 4745 Ι
2354 4677 2434 4735 88
2472 4675 2719 4745 affl-rbem
2756 4676 2908 4751 αὐτῷ
2938 4678 3019 4731 V*
3056 4674 3300 4733 αὐτὸν2
3398 4758 3404 4768 .

2778 4786 2829 4811 Aa
3024 4794 3029 4804 ·
3200 4769 3333 4813 Ces
