3694 5582
271 1113 304 1165 5

1318 537 1512 591 eontra
1545 533 1868 590 Mar-oenum
1905 535 1927 587 1
1964 538 2013 589 4.
2894 543 2968 602 21

467 695 667 772 ἀλλὰ
733 694 934 786 πρὸς
1007 695 1152 769 τὸν
1224 694 1622 787 μακάριον
1692 704 2126 780 Παυλῖνον,
2190 693 2525 786 μακάριον
2588 692 2803 768 αὐτὸν
2864 697 2975 768 διὰ

465 805 676 871 τοῦτο
724 797 974 882 εἰπών,
1020 789 1130 868 ὅτι
1185 796 1314 887 τὴν
1357 793 1572 886 αὐτὴν
1615 797 1792 885 εἶχεν
1831 793 2151 886 Ἀστερίῳ
2198 793 2422 882 δόξαν.
2508 792 2760 869 οὐκοῦν
2803 800 2974 869 ἐπει-

467 895 680 988 δήπερ
725 897 912 982 τούς
953 893 1481 985 σοφωτάτους
1523 903 1875 985 πατέρας
1902 891 2243 986 Ἀστερίου
2270 894 2771 986 μεμαθήκαμεν,
2818 893 2973 969 ἀκό-

466 1009 732 1070 λουθον
783 994 1071 1088 ἡγοῦμαι
1117 1003 1336 1086 λέγειν
1389 1004 1502 1068 καὶ
1545 994 1672 1067 τὸν
1713 1003 2065 1068 Παυλὶνου
2117 1025 2192 1067 τε
2236 1003 2348 1068 καὶ
2394 1003 2541 1067 τῶν
2584 996 2823 1069 ἄλλων
2866 1025 2970 1086 γε·

469 1093 759 1188 νόμενον
801 1093 1224 1170 διδάσκαλον.
1297 1093 1435 1168 ἀπὸ
1467 1095 1592 1186 γὰρ
1623 1101 1746 1186 τῆς
1776 1101 2125 1168 Παυλὶνου
2168 1099 2531 1184 ἐπιστολῆς
2576 1091 2614 1166 ὁ
2655 1092 2975 1168 κάκείνου
3009 1105 3079 1160 18

467 1194 868 1280 διδάσκαλος
906 1198 1204 1286 γεγονώς
1247 1188 1525 1285 εὖδηλος
1569 1190 1817 1285 γένοιτ’
1864 1225 1950 1266 αν
1994 1191 2167 1286 ἡμῖν.

337 1306 452 1369 καὶ
510 1295 762 1388 μεταξύ
816 1324 970 1368 τινα
1030 1296 1249 1368 εἰπῶν
1310 1293 1436 1367 τὸν
1499 1291 1714 1366 αυτὸν
1777 1287 1979 1378 αὖθις
2036 1293 2375 1379 διαβάλλει
2430 1292 2527 1379 ῶς
2570 1292 2693 1366 οὐκ
2739 1290 2974 1383 ὀρθῶς

338 1393 850 1486 ἀποδεξάμενον
890 1393 1018 1467 τὸν
1059 1391 1381 1485 Ὦριγένη,
1428 1400 1649 1485 λέγων
1694 1424 1921 1477 ουτως

267 1551 276 1558 -
308 1541 340 1569 κ
466 1501 604 1582 (Nr.
635 1501 740 1585 32)
783 1491 908 1566 οὐκ
939 1491 1369 1585 ευαγγελικῆς
1395 1490 1934 1584 υπομιμνῆσκων
1974 1499 2399 1578 διδασκαλίας
2444 1490 2635 1565 ταῦτ’
2680 1496 2975 1583 ἔγραψεν

123 1608 304 1662 -10

235 2115 302 2168 15

232 3107 300 3161 25

465 1604 832 1680 Παυλῖνος,
881 1589 1244 1685 ὁμολογῶν
1294 1598 1368 1665 δὲ
1411 1597 1680 1676 ἐνίους
1723 1601 1865 1682 μὲν
1907 1589 2033 1682 ἀφ’
2082 1595 2395 1666 ἑαυτῶν
2456 1589 2670 1667 οὕτω
2730 1613 2973 1666 κινεῖ-

467 1704 686 1780 σθαι,
742 1699 1004 1777 ἐνίους
1065 1699 1143 1767 δὲ
1204 1697 1286 1765 ἐκ
1348 1699 1512 1764 τῶν
1578 1687 2231 1816 ἀναγνωσμάτων
2284 1702 2453 1766 τῶν
2502 1701 2975 1786 προειρημέ-

471 1823 631 1866 νων
679 1791 998 1883 ἀνδρῶν
1042 1801 1343 1865 τοῦτον
1387 1785 1629 1884 ἦχθαι
1672 1793 1818 1866 τὸν
1862 1791 2189 1883 τρόπον.
2276 1797 2421 1868 εἶτα
2466 1803 2692 1881 τέλος,
2740 1793 2971 1884 ῶσπερ
3008 1813 3077 1868 19

471 1893 626 1966 τινὰ
667 1899 1012 1984 κορωνίδα
1065 1899 1188 1984 τῆς
1234 1889 1646 1978 ἀποδείξεως
1694 1890 1988 1982 ἐπάγων,
2034 1897 2110 1964 ἐκ
2141 1903 2289 1966 τῶν
2330 1891 2707 1985 ’.Ωριγένους
2737 1897 2974 1986 ρητῶν

469 2001 555 2082 τῇ
609 2001 616 2082 Ι
675 1994 924 2066 ἑαυτοῦ
983 1989 1374 2084 υπέγραψεν
1428 1995 1784 2082 ἐπιστολῇ,
1847 2023 1945 2076 ως
1995 1999 2261 2083 μᾶλλον
2320 2013 2543 2068 πεῖσαι
2596 2001 2974 2086 δυναμένου
3010 2003 3093 2060 22

466 2091 652 2182 παρὰ
707 2093 870 2176 τούς
913 2089 1384 2183 ευαγγελιστάς
1423 2097 1537 2164 καὶ
1581 2092 1744 2176 τοὺς
1789 2088 2239 2176 ἀποστόλους.
2325 2097 2509 2166 ἔστιν
2552 2100 2625 2165 δὲ
2668 2093 2757 2167 τὰ
2771 2094 2975 2222 ρητά

469 2198 724 2264 ταῦτα·
772 2190 936 2281 ῶρα
967 2188 1582 2274 ἐπαναλαβόντα
1612 2199 1790 2279 περὶ
1834 2191 2140 2281 πατρὸς
2182 2200 2313 2264 καὶ
2354 2196 2531 2265 υἱοῦ
2574 2202 2703 2265 καὶ
2748 2191 2979 2283 άγὶου

464 2290 951 2383 πνεύματος,
999 2287 1230 2382 ὀλίγα
1261 2300 1426 2366 τῶν
1469 2291 1659 2365 τότε
1703 2297 2471 2382 παραλελειμμένων
2504 2299 2975 2379 διεξελθεῖν·

465 2398 646 2482 περὶ
677 2390 981 2483 πατρὸς
1013 2389 1117 2475 ῶς
1149 2389 1601 2482 ἀδιαίρετος
1631 2383 1744 2464 ὢν
1769 2397 1897 2463 καὶ
1932 2387 2355 2482 ἀμέριστος
2397 2397 2578 2465 υὶοῦ
2618 2399 2977 2482 γίγνεται

466 2487 751 2581 πατήρ,
798 2488 881 2564 οὗ
921 2492 1352 2579 προβαλῶν
1395 2488 1670 2576 αὐτόν,
1717 2487 1824 2575 ῶς
1854 2495 2172 2565 οἴονταί
2215 2520 2445 2577 τινες.
2507 2497 2573 2562 εἰ
2614 2490 2756 2581 γὰρ
2786 2488 2975 2579 πρό·
3008 2509 3081 2565 20

463 2589 716 2682 βλημά
772 2595 990 2663 ἐστιν
1051 2585 1090 2661 ὁ
1151 2590 1320 2676 υἱὸς
1379 2596 1523 2664 τοῦ
1581 2590 1888 2681 πατρὸς
1954 2598 2082 2663 καὶ
2143 2600 2490 2681 γέννημα
2552 2597 2631 2678 ἐξ
2694 2588 2968 2677 αὐτοῦ,

465 2685 704 2763 ὁποῖα
748 2689 841 2762 τὰ
885 2698 1050 2763 τῶν
1095 2690 1324 2782 ζῴων
1376 2689 1855 2782 γεννήματα,
1920 2688 2221 2782 ἀνάγκη
2282 2699 2500 2781 σῶμα
2562 2693 2765 2762 εἶναι
2823 2691 2968 2763 τὸν

462 2786 970 2880 προβαλόντα
1013 2798 1143 2863 καὶ
1187 2791 1332 2865 τὸν
1374 2800 2044 2884 προβεβλημένον.

336 2886 469 2962 εἶθ’
501 2892 651 2980 ἑξῆς
692 2889 862 2981 μετὰ
893 2890 1022 2981 τὴν
1065 2900 1214 2964 τῶν
1241 2888 1663 2983 ’.Ωριγενειῶν
1703 2899 1969 3013 φωνῶν
1997 2888 2381 2980 παράθεσιν
2408 2896 2713 2980 ἐπιφέρει
2744 2899 2965 2980 λέγων
2999 2908 3077 2965 21

465 2994 602 3079 (Nr.
649 2996 752 3079 32)
806 2999 1022 3062 ταῦτα
1064 2987 1401 3082 >,Ωριγένης
1432 3000 1782 3083 γέγραφεν,
1827 2992 1918 3082 μὴ
1946 2990 2135 3080 παρὰ
2164 2998 2313 3063 τῶν
2340 2994 2547 3081 ἱερῶν
2574 3000 2963 3082 προφητῶν

466 3118 542 3162 τε
586 3096 697 3161 καὶ
747 3087 1160 3163 ἀποστόλων
1205 3098 1360 3183 περὶ
1405 3099 1529 3183 τῆς
1573 3088 1964 3181 ἀιδιότητος
2018 3097 2145 3163 τοῦ
2190 3088 2399 3181 λόγου
2442 3102 2689 3181 μαθεῖν
2732 3102 2976 3182 βουλη-

519 3312 560 3367 8
594 3311 704 3383 vgl.
727 3309 825 3367 Nr.
851 3314 917 3371 76
949 3342 1014 3353 -
1055 3314 1204 3370 let
1231 3314 1344 3385 vgl.
1369 3314 1636 3386 Origenes
1671 3313 1740 3369 de
1775 3313 1947 3385 prino.
1974 3312 2066 3380 IV,
2094 3314 2250 3381 1,28:
2287 3316 2503 3383 tempus
2540 3319 2727 3369 autem
2762 3315 2849 3369 eet
2884 3354 2896 3369 .
2924 3357 2937 3369 .
2963 3354 2977 3367 .

343 3412 708 3485 recapitulare
753 3412 973 3484 singula
986 3454 1000 3481 ,
1054 3417 1112 3470 et
1153 3414 1332 3487 primo
1385 3414 1630 3472 omnium
1677 3414 1746 3469 de
1813 3418 1969 3485 petre
2019 3417 2076 3469 et
2125 3412 2241 3469 filio
2279 3416 2335 3468 et
2368 3413 2563 3485 spiritu
2598 3417 2789 3469 saneto
2826 3432 2975 3487 repe·

347 3518 482 3571 tere.
583 3514 714 3569 deue
775 3518 933 3585 pater
994 3533 1118 3571 cum
1187 3517 1261 3573 eit
1309 3516 1605 3573 inuisibilis
1667 3516 1720 3583 (l.
1763 3514 2137 3584 indiuinibilie)
2206 3518 2263 3570 et
2321 3516 2703 3586 inseparabilis
2762 3534 2797 3571 a.
2846 3516 2981 3587 filio,

344 3633 458 3671 non
509 3632 610 3687 per
655 3616 1024 3687 prolationem
1069 3618 1140 3672 ab
1175 3635 1266 3683 eo,
1303 3621 1367 3674 ut
1401 3618 1628 3688 quidam
1661 3618 1878 3689 putent,
1915 3619 2210 3688 generatus
2246 3620 2329 3672 est
2360 3617 2521 3672 filius.
2592 3617 2639 3672 ei
2676 3618 2823 3673 enim
2858 3634 2978 3689 pro·

343 3717 487 3773 latio
542 3720 626 3773 est
675 3716 824 3772 filius
863 3719 1061 3791 patrie,
1113 3719 1347 3790 prolatio
1393 3736 1526 3775 uero
1570 3718 1796 3784 dieitur,
1853 3736 1996 3789 qnae
2030 3718 2203 3773 talem
2239 3719 2516 3789 signifieat
2549 3720 2983 3790 generationem,

349 3818 530 3889 qualis
568 3818 891 3875 animalium
925 3820 1018 3875 uel
1049 3820 1339 3875 hominum
1375 3821 1518 3876 solet
1551 3838 1670 3877 esee
1704 3821 2010 3894 progenies,
2046 3819 2352 3876 necessario
2378 3837 2573 3891 eorpus
2598 3824 2681 3877 oet
2704 3822 2761 3876 et
2783 3820 2845 3889 is,
2882 3819 2974 3891 qui

341 3921 596 3991 protulit,
629 3922 690 3977 et
721 3921 784 3989 is,
821 3920 914 3991 qui
947 3922 1196 3994 prolatus
1221 3924 1320 3977 eet.
1348 3952 1416 3961 -
1442 3922 1767 3995 Pamphilus
1801 3924 1948 3994 apol.
1974 3926 2033 3979 5:
2069 3926 2282 3993 tempus
2317 3926 2400 3977 eet
2433 3922 2675 3977 decursis
2710 3922 2795 3977 his
2833 3941 2979 3995 quae

347 4022 416 4077 de
447 4026 608 4093 patre
643 4026 702 4078 et
736 4022 853 4079 filio
890 4026 949 4079 et
981 4022 1176 4093 spiritu
1211 4028 1403 4081 saneto
1441 4023 1808 4089 dissernimus,
1847 4023 1917 4079 de
1951 4023 2064 4078 illis
2101 4041 2321 4096 quoqne
2356 4041 2498 4096 quae
2532 4042 2567 4083 a
2598 4024 2757 4081 nobis
2782 4026 2981 4081 relicta

343 4124 581 4189 fuerunt,
616 4142 794 4196 panea
813 4128 1074 4196 repetere.
1129 4126 1262 4181 dens
1298 4130 1456 4197 pabor
1491 4144 1617 4183 enm
1653 4129 1710 4181 et
1731 4126 2029 4182 inuisibilis
2064 4127 2183 4195 (τρὶ.
2207 4126 2357 4196 oben)
2394 4126 2467 4182 sit
2500 4131 2555 4183 et
2591 4127 2983 4199 inseparabilis

345 4244 379 4280 a
413 4225 528 4281 filio
563 4228 668 4283 ete.
705 4226 968 4296 (wb‘rtliek
1001 4228 1103 4281 wie
1136 4226 1288 4296 oben)

509 4412 600 4469 21
633 4412 736 4481 τὴν
770 4408 946 4481 αὐτὴν
981 4454 994 4467 .
1019 4452 1032 4464 .
1069 4403 1264 4482 δόξαν]
1303 4412 1371 4469 τὸ
1404 4410 1544 4471 αὐτὸ
1579 4457 1590 4470 .
1620 4456 1634 4470 .
1669 4407 1860 4486 δόγμα
1896 4428 1979 4470 mr
2016 4418 2027 4485 Ι
2078 4408 2271 4485 δόξαν]
2310 4415 2527 4469 danaoh
2561 4415 2745 4469 Lfioke
2780 4414 2877 4468 Mo
2897 4413 2978 4468 Re

409 4512 486 4569 18
521 4510 726 4586 ῥητῶν]
766 4520 831 4577 -1-
865 4530 991 4570 τινα
1029 4514 1123 4571 Mo
1169 4517 1178 4584 Ι
1231 4514 1308 4573 14
1343 4522 1442 4585 τῆς
1477 4556 1490 4571 .
1517 4558 1532 4573 .
1567 4512 1883 4585 ἐπιστολῆς,
1922 4534 2059 4573 eorr.
2095 4518 2189 4573 Mo
2220 4518 2231 4586 Ι
2262 4518 2339 4573 21
2366 4514 2619 4587 γέννημα
2658 4514 2763 4569 We
2800 4520 2973 4589 γεννᾷ

336 4612 444 4682 μὲν
486 4613 551 4682 V,
587 4614 731 4670 doeh
773 4614 850 4670 ist
893 4614 980 4671 die
1023 4614 1310 4688 Corruptel
1352 4617 1636 4674 vielleioht
1681 4620 1824 4675 noch
1870 4624 2097 4689 groeoer,
2136 4620 2247 4690 vgl.
2286 4618 2433 4689 Orig.
2486 4619 2495 4687 Ι
2543 4617 2626 4672 24
2664 4614 2983 4689 γέγραφεν]

338 4723 404 4779 -Ι-
439 4716 576 4773 acal?
