3694 5582
1307 451 1408 506 Die
1442 452 1775 523 Fragment-,e
1809 453 2081 509 Marcelle.
2886 467 2999 529 199

387 611 643 674 ἅπασιν
680 610 800 674 οὗν
833 617 1075 688 λόγοις
1108 637 1178 673 τε
1214 622 1331 674 καὶ
1377 613 1612 690 ἔργοις
1655 617 1913 695 ἀκριβῆ
1968 624 2396 692 συμφωνίαν,
2450 618 2531 687 ὼς
2563 616 2841 691 Ἀστέριος
2875 620 2999 697 ἔφη,

386 702 416 757 ό
453 705 674 773 σωτὴρ
727 702 914 771 λέγει
970 699 1136 772 »ἐγὼ
1167 706 1289 760 καὶ
1325 704 1356 759 ό
1393 707 1615 775 πατὴρ
1651 700 1722 761 ἓν
1765 702 2027 774 ἐσμενα,
2082 702 2225 763 ἀλλὰ
2262 707 2400 763 διότι
2439 705 2717 763 ἀδύνατόν
2754 706 2928 773 ἐστιν,
2966 710 3001 779 ἢ

384 787 555 858 λόγον
609 791 750 844 θεοῦ
795 786 830 855 ἢ
875 786 1016 843 θεὸν
1058 796 1163 844 τοῦ
1203 786 1412 845 ἑαυτοῦ
1453 790 1790 861 μερίζεσθαι
1823 791 2017 860 λόγου.
2089 787 2214 847 ἐπεὶ
2248 792 2303 847 εἰ
2334 793 2443 848 διὰ
2478 795 2603 861 τὴν
2637 791 2707 849 ἐν
2743 788 3002 849 ἅπασιν

386 872 792 941 συμφωνίαν
849 880 1015 927 τοῦτο
1072 872 1361 942 εἰρηκέναι
1405 872 1506 929 τὸν
1553 884 1778 947 σωτῆρα
1813 871 2087 941 Ἀστέριος
2123 872 2329 943 οἴεται,
2384 878 2483 931 καὶ
2532 880 2609 946 μὴ
2655 884 2724 947 τῇ
2769 876 2998 980 δευτέρᾳ

323 950 352 1001 5
386 954 686 1031 οἰκονομίᾳ
723 955 1020 1027 προσέχων
1055 954 1302 1027 τάληθὲς
1333 958 1654 1027 μανθάνειν
1690 955 1891 1024 ἐθέλει,
1928 956 2247 1029 ἀναγκαῖόν
2272 956 2489 1015 ἐστινζ
2459 968 2783 1031 υπομνῆσαι
2807 960 2999 1026 αὐτόν,

383 1047 502 1106 πῶς
555 1038 736 1097 ἐνίοτε
796 1040 902 1111 [τὸ]
955 1040 1102 1097 κατὰ
1154 1040 1222 1096 τὸ
1269 1040 1410 1111 [σὴν]
1460 1042 1812 1109 φαινόμενον
1857 1039 2231 1113 ἀσυμφωνίαν
2270 1040 2421 1100 ἐστιν
2461 1043 2613 1101 ἰδεῖν.
2685 1040 2835 1101 οὕτω
2886 1044 2998 1118 γὰρ

383 1126 530 1195 ἡμᾶς
567 1124 638 1181 τὰ
672 1124 816 1197 ῥητὰ
852 1124 1111 1181 διδάσκει.
1167 1126 1305 1180 ποία
1340 1124 1452 1197 γὰρ
1488 1123 1550 1181 ἐν
1584 1145 1767 1199 καιρῳ
1803 1134 1907 1182 τοῦ
1940 1126 2167 1194 πάθους
2201 1131 2499 1199 συμφωνία
2524 1137 2694 1185 τοῦτο
2730 1129 3001 1200 λέγοντος

386 1209 612 1282 επάτερ,
649 1209 704 1265 εἰ
734 1209 990 1273 δυνατόν,
1027 1209 1362 1284 παρελθέτω
1396 1209 1462 1265 τὸ
1499 1212 1771 1281 ποτήριον
1795 1218 2017 1279 τοῦτοα,
2054 1210 2427 1284 ἐπιφέροντος
2460 1214 2519 1269 δὲ
2550 1212 2782 1271 κάκεῖνο
2824 1217 2999 1281 »πλὴν

381 1296 456 1363 μὴ
494 1290 575 1360 ὼς
610 1292 726 1365 ἐγὼ
761 1293 942 1361 θέλω,
987 1286 1110 1350 ἀλλ’
1153 1289 1232 1359 ὡς
1269 1293 1388 1349 σύα.
1459 1293 1528 1349 οὐ
1562 1303 2002 1365 συμφωνοῦντος
2044 1296 2155 1369 γὰρ
2192 1295 2259 1367 ἢν
2296 1305 2527 1369 πρῶτον
2572 1299 2676 1367 μὲν
2714 1296 2780 1353 τὸ
2816 1297 2999 1367 λέγειν

289 1375 352 1429 10
385 1378 751 1450 ιπαρελθέτω
787 1378 852 1435 τὸ
889 1380 1165 1450 ποτήριον
1200 1386 1429 1434 τοῦτον
1491 1376 1652 1435 οὐδὲν
1705 1379 1764 1436 δὲ
1809 1377 2087 1451 ἐχόμενον
2136 1384 2468 1452 συμφωνίας
2502 1386 2599 1438 καὶ
2632 1382 2698 1438 τὸ
2736 1380 2998 1453 ἐπιφερό-

379 1482 556 1533 μενον
593 1458 739 1520 εἷναι
773 1465 945 1531 δοκεῖ,
979 1462 1132 1533 λέγει
1168 1460 1277 1535 γὰρ
1319 1464 1424 1533 »μὴ
1461 1459 1530 1518 τὸ
1569 1460 1726 1532 ἐμόν,
1763 1461 1907 1520 ἀλλὰ
1932 1460 1999 1520 τὸ
2038 1459 2143 1521 σὰν
2180 1465 2455 1537 γενέσθω,
2490 1466 2687 1541 πάτερ,
2724 1465 2998 1536 θέλημασ.

381 1546 608 1614 ἀκούεις
645 1542 802 1613 ὅπως
837 1546 1210 1617 ἀσυμφωνίαν
1244 1545 1392 1603 κατὰ
1429 1542 1495 1601 τὸ
1535 1547 1887 1617 φαινόμενον
1922 1552 2089 1618 δηλοῖ
2116 1548 2184 1605 τό
2221 1550 2488 1623 γράμμα,
2526 1560 2629 1607 τοῦ
2662 1550 2766 1620 μὲν
2802 1550 2997 1607 θέλον·

379 1651 492 1698 τος.
549 1639 686 1701 (τοῦ
719 1630 779 1688 δὲ
822 1635 900 1701 μὴ
951 1629 1268 1697 θέλοντος>.
1341 1626 1430 1687 ὅτι
1481 1630 1588 1700 μὲν
1639 1629 1750 1704 γὰρ
1805 1628 2073 1704 ἐβούλετο
2129 1631 2161 1688 ὁ
2216 1638 2401 1709 πατὴρ
2455 1638 2623 1705 δῆλον
2677 1628 2777 1705 ἀφ’
2829 1626 2911 1690 ὧν
2967 1632 3001 1689 ὃ

381 1714 648 1789 ἐβούλετο
703 1716 965 1787 γέγονεν·
1026 1711 1112 1771 ὅτι
1164 1716 1224 1772 δὲ
1277 1716 1381 1771 οὐκ
1431 1712 1701 1787 ἐβούλετο
1758 1716 1790 1773 ό
1833 1713 1959 1783 υἱὸς
2008 1720 2176 1787 δῆλον
2222 1713 2291 1775 δι’
2335 1712 2419 1776 ὧν
2454 1728 2832 1792 παραιτεῖται.
2903 1724 2999 1775 καὶ

290 1796 347 1847 15
381 1795 548 1867 αὖθις
586 1798 688 1857 »οὐ
723 1804 900 1869 ζητᾶκ
959 1802 1127 1870 φησὶν
1178 1793 1270 1854 »τὸ
1320 1800 1544 1870 θέλημα
1589 1796 1654 1856 τὸ
1695 1793 1838 1869 ἐμὸν
1875 1798 2019 1858 ἀλλὰ
2055 1798 2120 1858 τό
2157 1802 2383 1873 θέλημα
2419 1814 2519 1860 τοῦ
2554 1799 2892 1875 πέμψαντός
2926 1823 2997 1871 με

379 1887 648 1959 πατρόςε.
720 1892 844 1951 πῶς
879 1878 980 1940 οὖν
1016 1885 1128 1941 διὰ
1163 1887 1282 1953 τὴν
1319 1881 1390 1940 ἐν
1425 1880 1683 1941 ἅπασιν
1723 1889 2130 1957 συμφωνίαν
2163 1885 2285 1944 τὸν
2324 1900 2597 1959 σωτῆρα
2640 1887 2998 1961 εἰρηκέναι

379 1974 548 2040 φησὶν
589 1968 752 2040 ιέγὼ
787 1972 904 2025 καὶ
939 1969 971 2025 ό
1007 1972 1229 2041 πατὴρ
1265 1964 1337 2025 ἓν
1372 1965 1625 2038 έσμενε.

551 2174 643 2227 Nr.
672 2175 738 2226 74
773 2173 873 2240 (Re
907 2173 993 2239 65)
1045 2178 1167 2236 πῶς
1203 2172 1606 2241 συμφωνίαν
1643 2165 1792 2240 ἔχειν
1828 2166 1979 2240 πρὸς
2011 2170 2112 2227 τὸν
2150 2171 2369 2245 πατέρα
2408 2170 2439 2226 ὁ
2475 2167 2597 2238 υἱός
2631 2172 2861 2229 δύναται
2899 2172 2930 2241 ἢ
2969 2172 3001 2229 ὁ

379 2260 566 2325 πατὴρ
611 2250 760 2327 πρὸς
802 2255 904 2313 τὸν
949 2254 1098 2321 υἱόν,
1151 2264 1252 2311 τοῦ
1303 2254 1430 2311 υὶοῦ
1479 2253 1692 2311 »πάντα
1747 2250 1857 2311 ὅσα
1894 2250 2008 2326 ἔχει
2045 2253 2076 2310 ὁ
2115 2259 2303 2329 πατὴρ
2340 2254 2450 2325 ἐμά
2487 2254 2667 2313 ἐστινσι
2704 2258 3001 2327 λέγοντος;

286 2338 348 2390 20
380 2336 648 2411 ἄντικρυς
682 2340 793 2410 γὰρ
829 2346 1311 2405 πλεονεκτοῦντος
1346 2337 1414 2409 ἦν
1449 2346 1552 2394 τοῦ
1583 2336 1708 2394 υἱοῦ
1742 2335 1847 2395 τὸν
1884 2339 2103 2411 πατέρα
2140 2336 2216 2411 τὸ,
2244 2342 2428 2413 λέγειν
2477 2340 2695 2398 »πάντα
2734 2337 2842 2397 ὅσα
2886 2337 3000 2411 ἔχει

381 2421 414 2481 ὁ
449 2428 640 2495 πατὴρ
676 2423 787 2494 ἐμά
825 2422 1025 2481 ἐστινα.
1083 2424 1286 2480 τούτου
1320 2424 1432 2497 γὰρ
1465 2422 1648 2495 χάριν,
1685 2426 1889 2491 παρεὶς
1925 2420 1991 2481 τὸ
2030 2424 2217 2481 πάντα
2258 2422 2367 2481 ὅσα
2402 2422 2517 2497 ἔχει
2553 2425 2585 2481 ό
2622 2428 2808 2497 πατὴρ
2834 2426 3001 2481 κοινά

381 2506 534 2566 ἐστιν
571 2510 775 2576 εἰπεῖν,
825 2508 1041 2564 »πάντα
1090 2504 1199 2564 ὅσα
1245 2504 1360 2579 ἔχει
1397 2508 1430 2565 ὁ
1465 2511 1650 2579 πατὴρ
1687 2505 1796 2577 ἐμά
1834 2506 2015 2565 ἐστινα
2054 2505 2176 2580 ἔφη.
2244 2512 2431 2566 καίτοι
2468 2509 2573 2567 οὐκ
2621 2510 2689 2581 ἦν
2725 2507 2865 2566 ἰδιον
2901 2519 3003 2566 τοῦ

382 2602 827 2665 συμφωνοῦντος
862 2588 1011 2647 οὕτω
1042 2592 1250 2663 λέγειν,
1305 2590 1474 2649 ἀλλά·
1535 2591 1721 2649 πάντα
1776 2590 1886 2649 ὅσα
1923 2588 2038 2664 ἔχει
2075 2594 2108 2650 ό
2144 2597 2329 2669 πατὴρ
2365 2594 2531 2651 κοινά
2570 2594 2733 2651 ἐστιν.
2806 2592 2860 2650 εἰ
2890 2594 3002 2666 γὰρ

383 2676 444 2734 αἱ
477 2684 594 2734 τῶν
631 2675 973 2735 ἀποστόλων
1008 2676 1254 2747 Πράξεις
1285 2680 1388 2746 τὴν
1421 2684 1538 2733 τῶν
1582 2686 1887 2746 τηνικαῦτα
1930 2680 2287 2753 προσιόντων
2331 2688 2396 2750 τῇ
2442 2682 2623 2736 πίστει
2670 2681 3002 2750 συμφωνίαν

285 2768 346 2824 25
381 2760 721 2821 ἐπαινοῦσαι
777 2762 996 2820 »πάντα
1048 2760 1115 2834 ἦν
1152 2760 1342 2827 αὐτοῖς
1376 2761 1572 2818 κοινάα
1631 2758 1867 2831 ἔφασαν,
1903 2764 2002 2820 καὶ
2036 2758 2125 2821 ἐπ’
2160 2760 2490 2838 ἀνθρώπων
2527 2770 2639 2820 τῶν
2676 2770 3001 2834 συμφωνεῖν

381 2847 714 2916 δυναμένων
745 2847 914 2904 κοινὰ
949 2843 1098 2904 εἶναι
1131 2846 1319 2903 πάντα
1353 2849 1606 2916 νομίζειν
1643 2846 1873 2917 ὀφείλει,
1910 2849 2071 2923 πόσῳ
2105 2853 2325 2919 μᾶλλον
2362 2845 2472 2906 ἔδει
2506 2847 2609 2906 τὸν
2644 2849 2863 2920 πατέρα
2904 2851 3003 2904 καὶ

381 2928 487 2989 τόν
521 2927 649 2988 υἱὸν
683 2935 985 2997 κοινωνίας
1019 2931 1298 3002 μετέχειν,
1345 2929 1426 2997 εἰς
1471 2931 1570 2987 δύο
1615 2928 1959 3000 ὑποστάσεις
1992 2931 2381 3004 διῃρημένους;
2434 2937 2556 2990 νυνὶ
2590 2934 2651 2990 δὲ
2686 2932 2747 2989 ἐν
2782 2933 2887 3001 μὲν
2922 2939 3001 3004 τῷ

379 3019 568 3088 λέγειν
618 3017 835 3073 »πάντα
883 3013 992 3072 ὅσα
1029 3012 1145 3086 ἔχει
1181 3017 1214 3072 ὁ
1249 3019 1436 3086 πατὴρ
1473 3013 1582 3084 ἐμά
1619 3015 1800 3072 έστινα
1858 3022 2215 3074 πλεονεκτῶν
2254 3018 2286 3074 ὁ
2322 3015 2445 3085 υἱός
2476 3016 2582 3074 τὸν
2617 3017 2836 3090 πατέρα
2876 3018 3000 3085 φαί·

381 3118 569 3158 νεται·
623 3098 686 3157 ἐν
729 3100 788 3158 δὲ
833 3108 914 3173 τῷ
950 3101 1190 3172 φάσκειν
1225 3098 1364 3170 μηδὲ
1407 3109 1509 3155 τοῦ
1543 3097 1748 3156 ἑαυτοῦ
1781 3103 1959 3172 λόγου
1992 3101 2190 3176 κύριον
2227 3098 2397 3170 εἶναι,
2452 3101 2595 3159 ἀλλὰ
2647 3105 2745 3158 καὶ
2794 3101 3002 3158 τούτου

286 3195 348 3247 30
381 3182 486 3244 τόν
521 3185 745 3256 πατέρα
784 3185 901 3254 (ιὸε
943 3184 1055 3257 γὰρ
1096 3185 1298 3256 »λόγος
1333 3181 1401 3240 ὃν
1437 3183 1702 3240 ἀκούει-ει
1753 3189 1922 3255 φησὶν
1972 3185 2106 3242 »οὐκ
2150 3182 2305 3242 ἔστιν
2349 3183 2489 3255 ἐμὸς
2534 3185 2678 3242 ἀλλὰ
2728 3195 2829 3241 τοῦ
2864 3185 3001 3253 πέμ·

381 3272 610 3342 ψαντός
640 3291 714 3340 με
749 3272 1037 3343 πατρόςι),
1073 3267 1446 3344 ἀφαιρεῖσθαι
1481 3265 1584 3323 τὸν
1619 3268 1840 3341 πατέρα
1886 3268 1957 3325 τὰ
1994 3266 2105 3325 ἴδια
2140 3279 2241 3326 τοῦ
2276 3271 2479 3336 παιδὸς
2513 3272 2801 3327 δείκνυσιν.
2873 3265 3002 3324 ἑκά-

380 3377 522 3428 τερα
569 3356 630 3412 δὲ
667 3353 814 3410 κατὰ
861 3357 963 3423 τὴν
999 3349 1276 3426 Ἀστερίου
1321 3350 1504 3424 οἴησιν
1557 3351 1662 3408 οὐκ
1705 3350 2043 3421 ἀκολούθως
2090 3352 2358 3423 εἰρημένα
2396 3357 2672 3425 φαίνεται.
2747 3349 2855 3409 ἔδει
2892 3352 3003 3425 γὰρ

381 3436 490 3498 τόν
527 3446 942 3510 συμφωνοῦντα
978 3442 1058 3508 μὴ
1093 3437 1162 3494 τὰ
1203 3441 1340 3510 (up)
1379 3434 1556 3511 ἑτέρῳ
1589 3438 1883 3508 προσόντα
1908 3443 2327 3511 παρασπᾶσθαι
2360 3440 2564 3503 δίκαια,
2600 3433 3004 3494 πλεονεκτικόν

382 3525 496 3598 γὰρ
542 3524 710 3580 τοῦτό
755 3543 846 3594 γε,
899 3521 1046 3580 ἀλλὰ
1091 3523 1160 3578 τὰ
1196 3519 1446 3596 ἑκατέρῳ
1481 3523 1780 3592 προσόντα
1815 3522 1981 3580 κοινὰ
2019 3519 2167 3580 εἶναι
2200 3525 2467 3592 νομίζειν.
2538 3516 2687 3578 ὥστε
2724 3519 2864 3577 ὅταν
2900 3521 3005 3590 μὲν

285 3613 348 3667 35
383 3609 466 3674 εἰς
501 3612 607 3679 τὴν
641 3605 1014 3680 ἀνθρωπίνην
1059 3606 1480 3677 ἀποβλέπωμεν
1517 3606 1728 3676 σάρκα,
1778 3606 1881 3678 οἷα
1917 3603 2115 3680 ὥσπερ
2154 3602 2428 3680 Ἀστέριος
2460 3607 2775 3678 γέγραφεν,
2826 3600 3007 3671 οὕτως

383 3691 707 3766 εὑρήσομεν
741 3691 1011 3764 εἰρηκότα
1045 3691 1150 3748 τὸν
1184 3699 1418 3761 σωτῆρα
1476 3688 1622 3762 »ἐγὼ
1665 3695 1763 3748 καὶ
1811 3691 1844 3747 ὁ
1880 3695 2067 3765 πατὴρ
2104 3689 2167 3748 ἓν
2201 3690 2432 3762 ἐσμενα,
2490 3691 2559 3747 οὐ
2593 3690 2705 3762 γὰρ
2742 3690 2851 3746 διὰ
2886 3695 3005 3760 τὴν

383 3775 455 3835 ἐν
493 3773 752 3834 ἅπασιν
787 3777 1030 3848 λόγοις
1065 3795 1134 3834 τε
1168 3779 1288 3832 καὶ
1324 3771 1548 3850 ἔργοις
1593 3774 1843 3849 ἀκριβῆ
1889 3778 2317 3846 συμφωνίαν,
2364 3773 2445 3842 ὼς
2488 3774 2658 3841 αὐτὸς
2704 3775 3003 3846 γέγραφεν,

557 3963 776 4018 18—S.
815 3963 1133 4031 200,14
1167 3961 1520 4029 38,’18-39,
1557 3962 1636 4014 26

564 4099 599 4153 2
637 4096 761 4151 Joh.
799 4097 881 4163 10,
917 4098 984 4151 30
1019 4125 1082 4134 -
1119 4095 1153 4151 8
1188 4095 1389 4150 Matssh.
1425 4097 1508 4158 26,
1546 4099 1611 4150 39
1657 4126 1722 4134 -
1775 4095 1973 4150 Matth.
2012 4097 2092 4158 26,
2128 4098 2195 4150 39
2248 4125 2315 4134 —-
2370 4097 2448 4150 10
2486 4095 2681 4149 Mai-‚th
2720 4095 3005 4154 21130-

390 4168 466 4222 11
525 4166 724 4221 matth.
760 4166 847 4231 26,
881 4167 947 4220 39
984 4193 1050 4202 —
1107 4165 1182 4220 15
1236 4165 1358 4218 Joh
1398 4137 1550 4229 ,30
1585 4193 1650 4204 —-
1689 4165 1762 4218 17
1821 4163 1943 4218 Joh.
1985 4165 2061 4226 10,
2099 4165 2167 4217 30
2202 4193 2267 4202 -
2316 4165 2392 4218 19
2446 4163 2567 4217 Joh.
2607 4166 2686 4230 16,
2726 4166 2790 4217 15
2823 4191 2890 4199 —
2928 4162 3008 4215 ‘20

388 4233 736 4298 Joh.16,15
772 4263 836 4272 -
875 4233 954 4287 22
993 4230 1323 4298 Joh.16,15
1357 4261 1424 4271 -
1398 4182 1540 4288 ι)’25
1577 4231 1698 4286 Acb.
1720 4233 1774 4299 4,
1793 4233 1861 4285 32
1896 4259 1963 4271 —
2000 4203 2077 4286 2'8
2115 4231 2237 4285 Joh.
2275 4233 2357 4296 16,
2377 4233 2444 4286 15
2477 4259 2543 4268 —
2581 4204 2818 4286 80'..10h
2842 4232 2921 4288 14,
2941 4230 3009 4282 :24

386 4331 454 4341 —
493 4302 571 4356 85
607 4299 720 4371 vgl.
743 4299 838 4354 Nr.
865 4301 946 4355 72.
984 4301 1048 4354 73
1085 4330 1150 4337 —
1190 4301 1268 4354 86
1305 4298 1428 4353 Joh.
1468 4301 1547 4366 10,
1584 4301 1652 4355 30

559 4437 596 4490 6
629 4431 776 4490 κατὰ
810 4427 878 4490 τό
914 4447 1000 4488 mr
1044 4435 1155 4505 vgl.
1193 4436 1244 4490 Z.
1285 4437 1350 4488 1‘>
1384 4429 1452 4489 τὸ
1487 4431 1634 4489 κατὰ
1669 4435 1771 4502 τὴν
1808 4435 1911 4501 σὴν
1947 4432 1996 4484 V
2060 4434 2069 4499 1
2140 4435 2167 4488 7
2202 4434 2396 4568 Ιτοῦτο]
2436 4441 2501 4496 -1-
2535 4431 2739 4501 μὲνῖΙ
2732 4433 2867 4498 113
2904 4440 3008 4487 τοῦ

389 4503 450 4560 δὲ
490 4507 571 4572 μὴ
613 4499 886 4567 θέλοντος
919 4503 998 4556 V2
1041 4519 1088 4558 a..
1129 4503 1188 4556 R.
1257 4504 1264 4569 1
1334 4503 1463 4558 13ῐ
1510 4499 1542 4557 ὃ
1588 4500 1856 4582 ἐβούλετο
1895 4519 1961 4554 zu
1997 4501 2137 4556 stra>
2276 4503 2357 4556 20
2378 4469 2472 4556 τὸ
2533 4500 2593 4556 λέ
2633 4519 2717 4557 ειν
2770 4499 2845 4552 ΚῙ
2896 4501 3004 4567 vgl.

389 4573 442 4681 ΙΖ.
461 4573 536 4694 ξ3
571 4577 676 4692 τρὸῦ
699 4569 976 4707 ἰὶέ-γ-οντος
1000 4570 1128 4694 Vin!
1166 4571 1248 4691 2111
1286 4567 1610 4708 χοῖριιὲθγὰρ
1639 4569 1738 4690 XV?
1773 4590 1845 4618 cx)
1886 4569 1959 4622 V¹
2012 4571 2019 4636 1
2075 4570 2153 4624 26
2202 4503 2419 4637 Ιὀφείλει
2454 4569 2547 4623 Mo
2586 4519 2932 4638 ἔφειλόντων
2958 4566 3005 4619 V

511 4657 698 4694 ιυν
853 4657 1022 4706 τηςα
1093 4657 1157 4706 ης
1252 4656 1283 4693 o
1538 4657 1618 4692 τω
1729 4654 1760 4691 0
