3694 5582
1183 488 1252 544 do
1287 489 1658 546 ecolesiaafiioa
1691 491 1980 562 theologia.
2014 491 2066 544 II
2100 493 2149 548 6.
2186 494 2233 546 7.
2896 499 3011 560 105

404 646 560 719 »ἐὰν
601 650 736 737 ἐγὼ
778 659 1101 742 μαρτυρῶ
1143 661 1296 743 περὶ
1339 657 1648 743 ἐμαυτοῦ,
1695 650 1736 744 ἦ
1779 661 2113 744 μαρτυρία
2152 682 2283 741 μου
2327 653 2451 726 οῦκ
2490 657 2677 726 ἔστιν
2718 649 3011 743 α’ληθής·

398 747 606 831 ἄλλος
648 751 833 820 ἐστὶν
876 746 916 822 6
957 760 1327 842 μαρτυρῶν
1368 761 1522 844 περὶ
1565 759 1786 844 ἐμοῦι.
1872 757 2017 826 εἶτα
2069 753 2531 844 μνημονεύσας
2582 761 2710 826 τοῦ
2768 763 3007 840 βαπτι-
3076 771 3108 824 '7

398 854 588 932 στοῦ,
661 847 792 920 τὸν
859 858 1120 942 πατέρα
1180 850 1484 976 μάρτυρα
1547 857 1717 927 εἶναι
1777 851 1994 926 αὐτοῦ
2053 851 2345 926 διδάσκει
2407 850 2695 942 φάσκων
2758 861 2906 925 »καὶ
2968 849 3007 925 6

395 952 666 1037 πέμψας
708 977 790 1040 με
831 949 1087 1040 πατήρ,
1135 950 1340 1036 αύτός
1383 953 1891 1045 μεμαρτύρηκεν
1932 963 2087 1044 περὶ
2132 959 2351 1042 ἐμοῦι,
2398 962 2511 1025 καὶ
2552 963 3011 1043 προστίθησιν

227 1073 238 1087 ·
328 1059 360 1112 5
400 1053 492 1118 »εἰ
536 1045 845 1169 ήγαπᾶτέ
881 1078 990 1141 με,
1046 1048 1324 1142 ἐχάρητε
1379 1083 1466 1126 αν
1511 1083 1622 1126 οτι
1663 1053 2037 1144 πορεύομαι
2079 1054 2254 1146 πρὸς
2297 1052 2424 1126 τὸν
2465 1060 2755 1141 πατέρα·
2816 1082 2925 1124 οτι
2968 1049 3009 1126 6

391 1144 622 1267 πατήρ
662 1177 798 1238 μου
837 1158 1086 1240 μείζων
1127 1151 1260 1240 μού
1311 1157 1554 1225 ἐστινι.
1641 1150 1731 1226 δι’
1779 1146 1885 1224 ὦν
1926 1150 2260 1226 ἁπάντων
2304 1155 2543 1243 ἕτερον
2588 1153 2838 1228 ἑαυτὸν
2880 1161 3007 1226 τοῦ
3073 1171 3109 1226 8

388 1246 653 1336 πατρὸς
695 1255 1046 1324 δείκνυσιν.
1117 1260 1230 1323 καὶ
1261 1251 1342 1324 τὸ
1384 1250 1715 1342 ὑπερέχον
1757 1260 1880 1343 τῆς
1925 1251 2125 1344 δόξης
2168 1261 2294 1328 τοῦ
2320 1252 2580 1343 πατρὸς
2608 1261 3006 1344 παρίστησιν

389 1344 499 1416 διὰ
547 1354 674 1420 τοῦ
717 1349 846 1422 τὸν
888 1357 1012 1441 μὲν
1057 1347 1552 1425 ἀπεσταλκέναι
1597 1358 1843 1442 λέγειν,
1900 1354 2149 1426 ἑαυτὸν
2191 1361 2265 1427 δὲ
2308 1349 2739 1426 ἀπεστάλθαι
2781 1361 2893 1425 καὶ
2935 1359 3010 1424 ἐκ

389 1452 518 1517 τοῦ
563 1444 860 1535 ούρανοῦ
909 1459 1448 1541 κατεληλυθέναι
1511 1450 1668 1540 »οὐχ
1720 1454 1834 1525 ἵνα
1892 1452 2145 1578 ποιήσῃ
2201 1453 2283 1525 τὸ
2328 1459 2591 1542 θέλημα
2636 1452 2715 1524 τὸ
2762 1455 3011 1526 ἑαυτοῦ

293 1559 357 1613 10
388 1541 564 1618 ἀλλὰ
607 1547 692 1618 τὸ
735 1555 864 1620 τοῦ
905 1557 1340 1642 πέμψαντος(
1406 1549 1634 1624 αύτόν.
1719 1562 1831 1625 καὶ
1884 1562 1953 1625 τί
1998 1583 2085 1626 αν
2134 1552 2307 1641 πρὸς
2352 1559 2568 1624 ταῦτα
2612 1560 2778 1642 φαίη
2826 1550 3009 1641 Μάρ-

385 1656 658 1733 κελλος,
714 1646 992 1722 ἀκούων
1037 1659 1166 1725 τοῦ
1217 1649 1776 1741 κατεληλυθότος
1821 1658 1893 1740 ἐξ
1935 1651 2233 1744 ούρανοῦ
2276 1659 2493 1724 ταῦτα
2537 1649 3010 1738 διδάσκοντος;

387 1743 470 1818 ού
512 1744 640 1838 γὰρ
685 1746 910 1872 δήπου
949 1758 1061 1823 καὶ
1105 1757 1233 1823 νῦν
1236 1751 1407 1876 ,τὴν
1450 1748 1664 1842 σάρκα
1714 1759 1841 1824 τοῦ
1893 1758 2207 1843 σωτῆρος
2249 1759 2468 1825 ταῦτα
2519 1749 2803 1839 φάσκειν
2848 1756 3001 1843 ἐρεῖ·

385 1843 473 1917 ού
530 1846 658 1939 γὰρ
710 1845 754 1937 ἦ
806 1845 972 1938 σάρξ
1024 1855 1100 1921 ἐκ
1142 1856 1269 1924 τοῦ
1312 1848 1607 1940 ούρανοῦ
1647 1850 2134 1972 κατελήλυθεν.
2220 1859 2375 1924 τίνα
2418 1859 2659 1923 τοίνυν
2700 1857 2839 1942 ἐρεῖ
2876 1851 3005 1923 τὸν
3070 1867 3105 1921 9

383 1950 462 2018 ἐκ
505 1953 634 2019 τοῦ
676 1946 976 2038 ούρανοῦ
1025 1946 1548 2039 κατεληλυθότα
1605 1959 1719 2023 καὶ
1779 1959 1998 2025 ταῦτα
2059 1949 2497 2036 διδάσκοντα;
2555 1947 2819 2039 πότερα
2879 1949 3005 2023 τὸν

287 2059 348 2110 15
382 2046 560 2118 θεὸν
601 2046 818 2121 αὐτὸν
859 2045 904 2138 ἢ
949 2048 1077 2122 τὸν
1119 2049 1351 2141 τούτῳ
1398 2057 1823 2142 συνημμένον
1867 2047 2107 2140 λόγον,·
2167 2048 2313 2123 ἀλλ’
2368 2058 2426 2122 εἰ
2481 2056 2665 2140 λέγοι
2710 2049 2837 2122 τὸν
2878 2080 3005 2123 πα-

381 2153 578 2235 τέρα,
640 2157 908 2238 γυμνῶς
969 2146 1412 2238 ἀνακαλύψας
1472 2149 1600 2222 τὸν
1658 2157 2071 2236 Σαβέλλιον,
2132 2148 2338 2233 αύτὸς
2398 2148 2611 2222 αὐτὸν
2672 2145 2710 2220 6
2773 2151 3001 2240 σωτὴρ

376 2252 796 2334 ἐψευσμένον
854 2245 1201 2339 άπελέγξει
1259 2257 1481 2340 λέγων
1546 2257 2004 2341 »καταβέβηκα
2069 2255 2143 2322 ἐκ
2204 2257 2333 2323 τοῦ
2386 2248 2681 2338 ούρανοῦ
2725 2247 2847 2338 ούχ
2890 2253 2999 2322 ἵνα

374 2344 652 2437 ποιήσω
696 2347 779 2418 τὸ
825 2355 1089 2439 θέλημα
1134 2349 1218 2422 τὸ
1263 2350 1427 2440 ἐμὸν
1471 2346 1647 2423 ἀλλὰ
1691 2349 1774 2422 τὸ
1802 2357 2071 2440 θέλημα
2106 2358 2233 2422 τοῦ
2260 2346 2659 2473 πέμψαντός
2703 2377 2843 2439 μει,
2886 2357 2997 2422 καὶ
3036 2363 3103 2418 10

381 2444 508 2519 »ού
550 2445 835 2537 δύναμαι
878 2449 1012 2538 ἐγώ
1067 2444 1184 2520 ἄπ’
1228 2454 1520 2539 ἐμαυτοῦ
1569 2469 1796 2524 ποιεῖν
1849 2448 2071 2522 οὐδέν·
2130 2451 2369 2534 καθώς
2428 2448 2658 2523 ακούω
2724 2458 2999 2539 κρίνωι,

278 2565 342 2621 20
373 2554 492 2618 καὶ
559 2545 679 2620 »ού
739 2554 924 2638 ζητῶ
979 2547 1062 2620 τὸ
1107 2555 1371 2639 θέλημα
1434 2550 1515 2622 τὸ
1569 2549 1733 2641 ἐμὸν
1777 2546 1950 2623 ἀλλὰ
1995 2549 2078 2622 τὸ
2124 2557 2387 2640 θέλημα
2431 2557 2559 2621 τοῦ
2600 2547 3000 2640 πέμψαντός

372 2672 528 2737 μει,
582 2655 696 2719 καὶ
756 2640 831 2718 »ὅ
883 2645 1112 2738 πατήρ
1153 2677 1287 2738 μου
1328 2658 1579 2740 μείζων
1619 2650 1751 2740 μού
1795 2655 2039 2723 ἐστινι.
2125 2655 2345 2723 ταῦτα
2387 2650 2515 2740 γὰρ
2562 2655 2827 2724 οἴεσθαι
2870 2648 3000 2722 τὸν

371 2752 644 2836 πατέρα
687 2743 973 2835 φάσκειν
1016 2745 1374 2839 ἐσχάτης’“
1337 2779 1424 2822 αν
1468 2755 1568 2842 εἴη
1611 2757 1868 2843 μανίας.
1942 2756 2099 2825 εἰδὲ
2129 2749 2255 2823 τὸν
2299 2754 2375 2824 ἐν
2402 2756 2507 2842 τῷ
2537 2757 2683 2841 θεῷ
2730 2755 2999 2841 συμφυᾶ
3031 2768 3096 2821 11

372 2844 588 2937 λόγον
629 2856 743 2919 καὶ
787 2848 918 2940 τὴν
963 2845 1270 2921 διάνοιαν
1313 2847 1545 2937 αὐτοῦ,
1589 2848 1748 2925 καθ’
1793 2852 1880 2943 ἣν
1924 2861 2261 2942 λογίζεται
2291 2858 2401 2922 καὶ
2434 2855 2636 2923 ἔνδον
2664 2855 2739 2923 ἐν
2775 2852 2996 2939 ἑαυτῷ

373 2953 779 3034 διανοεῖται,
843 2948 932 3021 τὰ
982 2957 1388 3038 προκείμενα
1442 2958 1752 3037 διεξιέναι
1797 2961 2022 3043 φησίν,
2065 2959 2179 3023 καὶ
2220 2958 2375 3033 πῶς
2418 2979 2505 3021 αν
2549 2947 2591 3040 ἦ
2634 2947 2999 3040 ἐνθύμησις

274 3064 338 3121 25
374 3052 505 3117 τοῦ
547 3052 719 3119 θεοῦ
759 3056 871 3119 καὶ
915 3044 958 3137 ἡ
995 3051 1085 3173 6²,
1127 3046 1316 3139 αυτῷ
1363 3048 1628 3124 διάνοια
1669 3058 2127 3172 καταβέβηκεν
2170 3055 2243 3122 ἐκ
2287 3057 2414 3122 τοῦ
2465 3048 2787 3139 οῦρανοῦς
2849 3056 3000 3132 πῶς

372 3142 448 3215 δ’
493 3149 570 3217 ἐν
614 3153 702 3235 τῇ
745 3154 939 3236 σαρκὶ
981 3140 1024 3237 ᾖ
1071 3142 1437 3237 ἀνείληφεν
1496 3158 1819 3241 γενομένη
1874 3158 2091 3223 ταῦτα
2144 3147 2415 3239 διεξῄει;
2464 3158 2617 3234 πῶς
2660 3146 2726 3221 δ’
2773 3144 2878 3237 <6>
2924 3153 3000 3219 ἐν

372 3253 482 3336 τῷ
529 3254 676 3337 θεῷ
724 3244 926 3335 λόγος
970 3251 1108 3335 ἐρεῖ
1143 3256 1669 3338 καταβεβηκέναι
1718 3248 1876 3339 »ούχ
1920 3255 2029 3323 ἵνα
2072 3247 2323 3340 ποιήσῃ
2368 3248 2449 3319 τὸ
2478 3254 2745 3339 θέλημα
2788 3246 2999 3320 αὐτοῦ

371 3319 552 3418 ἀλλὰ
595 3345 678 3418 τὸ
725 3352 850 3418 τοῦ
889 3354 1324 3437 πέμψαντος(
1377 3345 1620 3434 αὖτόν,·
1671 3356 1681 3437 Ι
1737 3350 1850 3422 διὰ
1902 3350 2179 3421 τούτων
2219 3357 2379 3438 μὲν
2388 3344 2426 3419 6
2472 3346 2614 3431 υἱὸς
2659 3354 2787 3420 τοῦ
2832 3354 2999 3419 θεοῦ
3033 3364 3277 3434 121111

371 3445 460 3519 τὸ
503 3445 680 3535 πρὸς
725 3446 851 3518 τὸν
891 3452 1152 3535 πατέρα
1195 3454 1390 3533 σέβας
1431 3450 1676 3521 ἑαυτοῦ
1716 3457 2143 3539 παρίστησιν·
2189 3443 2309 3521 ὅτε
2352 3454 2425 3520 δὲ
2466 3455 2617 3520 τῶν
2645 3454 3000 3537 γεννητῶν

272 3560 338 3617 30
370 3542 717 3618 ἁπάντων
757 3557 1158 3636 καθηγεῖται
1202 3555 1350 3619 τῶν
1393 3545 1484 3619 δι’
1529 3547 1744 3621 αὐτοῦ
1803 3554 2296 3639 γεγενημένων,
2361 3544 2457 3630 οὖς
2520 3545 2605 3619 ἲιν
2665 3542 2999 3619 ἁπάντων

369 3640 708 3735 ύπάρχων
749 3646 980 3736 σωτὴρ
1021 3654 1134 3718 καὶ
1178 3645 1408 3737 κύριος
1449 3656 1563 3719 καὶ
1617 3648 2020 3740 δημιουργός
2081 3646 2376 3734 (ὁπάντα
2438 3645 2567 3739 γὰρ
2628 3643 2719 3717 δι’
2786 3643 2999 3717 αὐτοῦ

369 3750 666 3833 ἐγένετο,
711 3752 824 3816 καὶ
861 3753 1072 3834 χωρὶς
1117 3743 1330 3819 αὐτοῦ
1371 3752 1640 3835 ἐγένετο
1685 3746 1841 3821 οῦδὲ
1886 3748 2053 3836 ἕνα),
2107 3754 2481 3837 τηνικαῦτα
2522 3754 2636 3819 καὶ
2678 3744 2845 3829 θεὸς
2885 3753 2997 3817 καὶ

370 3843 710 3943 δεσπότης
767 3851 879 3916 καὶ
941 3845 1173 3935 σωτὴρ
1225 3855 1337 3918 καὶ
1389 3847 1695 3932 βασιλεὺς
1752 3843 2239 3939 ἀναγορεύοιτο
2286 3847 2386 3921 ἄν.
2474 3845 2578 3921 διὸ
2622 3854 2735 3917 καὶ
2776 3851 2996 3930 σέβειν
3032 3863 3097 3917 13

369 3953 485 4016 καὶ
507 3942 515 3945 ’
536 3944 955 4033 προσκυνεῖν
1011 3951 1122 4015 καὶ
1179 3953 1385 4036 τιμᾶν
1445 3945 1661 4018 αὐτὸν
1721 3948 1830 4020 οἶα
1890 3946 2062 4020 θεὸν
2114 3944 2156 4038 ἦ
2209 3952 2525 4037 ἐκκλησία
2568 3943 2783 4018 αὐτοῦ
2825 3950 2995 4017 δεδί-

270 4056 334 4113 35
371 4051 648 4129 δακται,
711 4052 923 4117 τοῦτο
983 4044 1316 4136 πράττειν
1367 4044 1524 4137 παρ’
1580 4044 1792 4119 αύτοῦ
1833 4052 2162 4137 μαθοῦσα.
2250 4053 2425 4137 λέγει
2470 4042 2537 4117 δ’
2600 4038 2727 4119 οὖν
2786 4044 2993 4127 αὐτὸς
3028 4069 3096 4122 14

371 4140 414 4217 6
458 4144 692 4236 σωτὴρ
743 4142 936 4216 »οὐδὲ
979 4146 1108 4234 γὰρ
1154 4141 1193 4217 6
1235 4148 1463 4236 πατὴρ
1506 4155 1717 4237 κρίνει
1763 4144 2024 4231 οὐδένα,
2070 4142 2245 4219 α’λλά
2288 4146 2420 4237 τὴν
2462 4140 2733 4219 ἅπασαν
2773 4150 2994 4235 κρίσιν

545 4316 578 4371 1
631 4315 754 4372 Joh.
792 4319 840 4380 5,
877 4318 960 4372 31.
995 4318 1063 4372 32
1118 4347 1183 4356 —
1237 4317 1275 4373 8
1322 4316 1442 4372 Joh.
1480 4320 1528 4377 5,
1565 4318 1631 4373 37
1685 4346 1752 4356 --
1805 4316 1841 4371 5
1889 4317 2011 4371 Joh.
2049 4318 2131 4380 14,
2167 4318 2236 4372 28
2288 4346 2353 4355 -
2408 4316 2445 4373 8
2500 4316 2624 4371 Joh.
2658 4318 2709 4383 6,
2745 4318 2811 4373 57
2856 4334 2907 4371 u.
2944 4322 2993 4371 ὃ.

376 4418 415 4473 9
469 4417 593 4471 Joh.
640 4417 690 4479 6,
725 4418 793 4472 38
841 4448 908 4457 -
965 4418 1036 4473 17
1095 4418 1219 4473 Joh.
1265 4418 1314 4485 6,
1351 4418 1419 4473 38
1459 4447 1528 4457 --
1585 4417 1704 4474 191
1749 4418 1872 4473 Joh.
1910 4420 1959 4485 5,
1995 4419 2064 4475 30
2115 4448 2184 4457 —
2236 4419 2312 4474 21
2370 4418 2492 4473 Joh.
2546 4422 2629 4483 14,
2674 4418 2744 4473 28
2794 4446 2861 4457 --
2915 4417 2991 4475 27

373 4518 498 4574 Joh.
535 4521 584 4581 6,
621 4518 688 4574 38
721 4548 788 4559 —
821 4519 892 4573 31
931 4517 1054 4573 Joh.
1084 4520 1134 4583 1,
1159 4520 1194 4574 3
1227 4548 1294 4559 -
1331 4518 1409 4575 86
1445 4518 1569 4573 Joh.
1607 4522 1655 4586 5,
1691 4520 1774 4575 22.
1811 4520 1879 4574 23

545 4666 624 4723 28
657 4667 798 4736 20:21]
838 4666 986 4724 κατὰ
1023 4666 1114 4725 Mo
1178 4670 1186 4737 Ι
1254 4669 1333 4724 24
1372 4664 1464 4738 ἂν]
1499 4668 1535 4721 1.
1573 4667 1722 4738 gab?
1785 4670 1794 4738 Ι
1861 4668 1937 4725 25
1975 4672 2341 4742 κατεβεβήκει
2376 4668 2483 4725 We
2546 4671 2555 4737 Ι
2622 4671 2700 4726 26
2738 4664 2773 4724 ὁ
2809 4668 2879 4722 ΚΙ
