3694 5582
669 493 786 556 132
1830 479 2099 536 Eusebius

665 674 842 732 νοις,·
885 641 1379 733 εἰδωλολάτραι
1422 641 1485 715 δ’
1531 636 1704 734 ἦσαν
1745 635 1959 728 οὗτοι,
2005 639 2101 726 ῶς
2146 639 2187 732 ἦ
2220 641 2389 733 αὕτη
2422 640 2716 715 διδάσκει
2744 640 2966 730 γραφὴ
3000 645 3282 728 λέγουσα

673 753 823 816 »καὶ
866 747 1054 818 εἶπεν
1095 745 1351 832 κύριος·
1395 751 1534 817 ποῦ
1577 750 1744 815 εἰσὶν
1789 747 1855 814 οἱ
1896 749 2051 815 θεοὶ
2094 740 2349 828 αὐτῶν,
2394 739 2500 831 ἐφ’
2533 743 2635 824 οἷς
2665 747 3150 813 ἐπεποίθεισαν
3178 734 3281 808 ἐπ’

669 846 928 930 αὐτοῖς
991 837 1094 915 ῶν
1145 845 1228 918 τὸ
1282 851 1485 932 στέαρ
1531 851 1680 915 τῶν
1723 851 1993 916 θυσιῶν
2036 839 2271 915 αὐτῶν
2313 841 2614 934 ἠσθίετε,
2675 848 2787 912 καὶ
2847 844 3115 911 ἐπίνετε
3158 835 3284 908 τὸν

669 948 865 1018 οἶνον
909 953 1057 1016 τῶν
1099 949 1422 1017 σπονδῶν
1467 941 1727 1014 αὐτῶν·
1801 939 2299 1033 α’ναστῆτωσαν
2342 949 2453 1013 καὶ
2505 937 3053 1030 βοηθησάτωσαν
3110 935 3281 1026 ὑμῖν,

599 1057 634 1110 5
669 1052 778 1116 καὶ
823 1042 1318 1135 γενηθήτωσαν
1359 1040 1554 1131 ῦμῶν
1595 1051 2021 1114 σκεπασταίι.
2096 1041 2369 1123 τούτοις
2412 1041 2539 1130 γὰρ
2570 1047 2906 1130 συνῆπται
2936 1037 3019 1110 τὸ
3077 1043 3281 1109 »ἴδετε

670 1151 847 1216 ἴδετε
893 1139 1002 1216 ὅτι
1045 1143 1176 1231 ἐγώ
1223 1149 1370 1234 εἰμι,
1415 1149 1526 1214 καὶ
1571 1139 1694 1214 οῦκ
1739 1143 1927 1212 ἔστιν
1970 1141 2134 1260 θεὸς
2176 1140 2361 1230 πλὴν
2404 1147 2625 1231 ἐμοῦι.

835 1250 918 1317 22
975 1241 1109 1314 κᾶν
1171 1240 1478 1332 μυριάκις
1533 1249 1771 1313 τοίνυν
1823 1239 1933 1312 διὰ
1987 1247 2114 1312 τοῦ
2154 1238 2521 1330 προφήτου
2562 1247 2751 1326 βοῶν
2795 1236 3021 1328 φάσκη
3070 1235 3411 1326 »amur-012
3453 1265 3534 1317 zai
3576 1257 3621 1314 ἐ,-

671 1347 838 1433 ἐμοῦ
881 1339 1005 1415 οῦκ
1053 1346 1238 1414 ἔστιν
1279 1340 1477 1424 θεὸς(
1534 1348 1647 1412 καὶ
1707 1341 1925 1430 »πλὴν
1965 1344 2131 1430 ἐμοῦ
2173 1337 2298 1411 οὐκ
2342 1345 2525 1413 εστιν
2570 1346 2825 1420 δίκαιος
2864 1346 2977 1410 καὶ
3019 1335 3280 1427 σωτὴρ(
3322 1339 3442 1397 τοῖς
3512 1349 3617 1412 πθθζ

669 1450 782 1514 καὶ
832 1442 1040 1514 »θεὸν
1081 1442 1266 1532 πλὴν
1309 1447 1471 1530 ἐμοῦ
1512 1436 1596 1511 οῦ
1647 1440 1907 1529 γνώσῃ,
1966 1446 2079 1510 καὶ
2140 1439 2383 1529 σῴζων
2438 1435 2562 1513 οὐκ
2604 1443 2788 1510 ἔστιν
2832 1435 3045 1526 πάρεξ
3086 1439 3283 1525 ἐμοῦ(
3324 1476 3425 1523 tof-
3457 1419 3615 1521 ,ξομ
3598 1463 3621 1516 g

571 1559 639 1612 10
673 1551 784 1614 καὶ
839 1564 964 1613 οσα
1023 1541 1198 1612 ἄλλα
1253 1539 1531 1622 τούτοις
1585 1537 1851 1627 ἀδελφὰ
1893 1544 1969 1610 ἐν
2011 1557 2156 1622 τοῖς
2215 1551 2485 1624 λοιποῖς
2547 1546 2825 1628 φέρεται
2882 1532 3289 1664 προφήταις,
3378 1536 3582 1658 ἐπᾝῗ)

675 1641 840 1724 θεὸς
899 1633 986 1730 ἦν
1038 1649 1151 1712 καὶ
1203 1645 1272 1761 ἐξ
1315 1645 1573 1711 ἐκείνου
1638 1645 1749 1712 »ἐν
1793 1646 2108 1758 Χριστῷ*
2134 1637 2391 1728 κόσμον
2448 1635 2945 1710 καταλλάσσων
3005 1637 3289 1725 εαυτῷι,
3403 1679 3557 1741 ysfto

673 1749 784 1812 καὶ
829 1738 1036 1824 αὐτὸς
1081 1733 1167 1830 ἦν
1212 1736 1249 1812 6
1292 1738 1519 1829 πατὴρ
1566 1745 1784 1810 ταῦτα
1829 1738 1936 1810 διὰ
1982 1744 2109 1808 τοῦ
2149 1745 2563 1827 μονογενοῦς
2604 1743 2774 1824 υίοῦ,
2819 1749 2930 1809 oza
2970 1731 3053 1809 δι’
3101 1736 3289 1825 ἑρμη-

675 1848 867 1926 νέως,
913 1837 1315 1928 ἀνθρώποις
1356 1834 1980 1927 υποφθεγγόμενος.
2066 1833 2103 1909 6
2150 1837 2231 1928 δὴ
2274 1845 2387 1909 καὶ
2434 1833 2639 1922 αυτὸς
2692 1833 2730 1908 o‘
2776 1836 2923 1920 υἱὸς
2964 1841 3039 1908 ἐν
3084 1832 3293 1923 Εὔαγ-

676 1949 925 2030 γελίοις
967 1946 1356 2027 παρεδίδου,
1419 1938 1534 2009 ἕνα
1587 1934 1805 2027 μόνον
1845 1943 2091 2009 εἰδέναι
2136 1936 2475 2011 διδάσκων
2526 1935 2723 2023 θεόν,
2786 1941 2863 2008 ἐν
2921 1934 3027 2019 οἷς
3070 1938 3294 2022 ἔλεγεν

577 2055 643 2107 15
683 2035 893 2128 »αῦτη
950 2045 1024 2109 δέ
1063 2043 1249 2110 ἐστιν
1293 2034 1334 2126 ἡ
1377 2036 1522 2108 αἰῶί
1517 2065 1672 2126 νιος
1718 2035 1887 2127 ζωή,
1952 2041 2061 2109 ἵνα
2105 2038 2530 2126 γινῶσκωσίν
2590 2061 2665 2110 σε
2705 2037 2833 2108 τὸν
2874 2034 3093 2124 μόνον
3137 2029 3293 2122 ἄλη·
3336 2055 3451 2110 140

680 2138 886 2210 θινόν
931 2137 1099 2210 θεὸν
1141 2145 1253 2208 καὶ
1298 2131 1380 2208 ὃν
1432 2134 1830 2219 ἀπέστειλας
1872 2133 2123 2227 Ἰησοῦν
2169 2134 2529 2226 Χριστόνι.
2614 2133 2819 2218 αὐτὸς
2872 2139 2997 2206 οὖν
3050 2130 3088 2206 6
3133 2131 3289 2222 0222]-
3327 2157 3361 2209 2

681 2237 878 2320 θινὸς
920 2239 1006 2327 ἠν
1050 2234 1238 2320 θεός,
1300 2233 1338 2308 6
1393 2237 1488 2319 εἷς
1539 2235 1747 2325 μόνος
1795 2245 1908 2307 καὶ
1953 2238 2205 2356 &eoos-
2224 2267 2347 2309 ουκ
2390 2240 2575 2308 ἔστιν
2616 2235 2801 2325 πλὴν
2844 2232 3075 2318 αυτοῦ,
3121 2230 3159 2304 ὁ
3202 2233 3292 2323 μὴ

680 2335 898 2428 μόνον
939 2336 1048 2408 διὰ
1095 2343 1245 2408 τῶν
1287 2343 1673 2425 προφητῶν
1717 2331 1894 2408 ἀλλὰ
1925 2336 2035 2407 διὰ
2078 2342 2205 2407 τοῦ
2246 2343 2421 2408 ἰδίου
2464 2339 2615 2408 υἱοῦ
2644 2343 2859 2406 ταῦτα
2895 2331 3045 2405 κατ’
3078 2338 3294 2405 ἐκεῖνο

680 2443 920 2526 καιροῦ
963 2435 1610 2522 εἰδωλολατρεύοντι
1664 2443 1765 2526 τῷ
1809 2432 2158 2508 Ἰουδαίων
2208 2432 2728 2525 ἐγκελευόμενος
2768 2437 2971 2508 ἔθνει.
3058 2430 3296 2504 αὐτίκα

579 2551 647 2606 20
685 2534 750 2608 δ’
797 2529 922 2609 οὖν
967 2531 1006 2607 6
1045 2531 1310 2618 Ἡσαΐας
1371 2542 1658 2623 (μᾶλλον
1707 2507 1780 2606 δὲ
1836 2530 1875 2605 o‘
1928 2534 2092 2618 θεὸς
2143 2533 2225 2606 δι’
2272 2531 2509 2622 αὐτοῦ)
2572 2536 2791 2606 εἰπῶν
2858 2534 3112 2624 »πλὴν
3136 2538 3299 2621 ἐμοῦ

685 2633 807 2707 οὐκ
851 2639 1038 2706 ε’στιν
1079 2631 1261 2716 θεός.
1347 2639 1450 2716 τίς
1497 2632 1724 2723 ὥσπερ
1768 2634 1931 2721 ἐγῶ;
1940 2666 1965 2698 ‹
2032 2643 2145 2706 καὶ
2204 2636 2355 2724 εξῆς
2391 2631 2795 2758 >»μάρτυρες
2822 2631 3005 2724 υμεῖς
3048 2637 3196 2705 ἐστε
3240 2639 3298 2703 εἰ

685 2738 871 2807 ἔστιν
911 2733 1074 2815 θεὸς
1116 2731 1300 2823 πλὴν
1343 2737 1564 2823 ἐμοῦι,
1609 2731 1943 2823 ἐπήγαγεν
1997 2733 2078 2806 τὸ
2139 2742 2283 2805 »καὶ
2328 2763 2453 2806 ουκ
2496 2725 2668 2824 ἦσαν
2715 2731 3047 2807 τότε.οί
3088 2729 3297 2808 πλάσ-

685 2861 924 2918 σοντες
983 2842 1094 2905 καὶ
1161 2838 1226 2905 οἱ
1287 2832 1666 2922 γλύφοντες
1714 2831 1971 2916 πάντες
2012 2831 2313 2924 μάταιοι,
2374 2840 2737 2918 ποιοῦντες
2780 2835 2868 2906 τὰ
2911 2832 3299 2923 καταθύμια

687 2932 977 3005 αυτῶνι.
1062 2940 1172 3004 καὶ
1217 2930 1299 3003 δι’
1347 2928 1510 3023 ὅλης
1555 2939 1626 3003 δὲ
1669 2940 1791 3023 τῆς
1835 2931 2049 3005 αυτοῦ
2088 2942 2511 3022 προφητείας
2539 2927 2761 3023 εῦροις
2792 2932 2877 3006 ἂν
2904 2932 3298 3022 κοπτόμενα
3332 2946 3369 3001 3

580 3055 648 3109 25
687 3034 775 3105 τὰ
826 3032 1053 3121 ἄψυχα
1106 3030 1342 3118 ξόανα,
1405 3040 1516 3103 καὶ
1569 3030 1727 3121 παρ’
1773 3030 2040 3122 ἑκάστῳ
2085 3039 2158 3104 δὲ
2200 3030 2525 3153 προφήτη
2570 3030 2825 3123 ὁμοίως
2868 3041 2960 3117 εἰς
3002 3062 3299 3123 αποτρο-

683 3135 826 3223 πὴν
889 3138 1009 3221 τῆς
1067 3138 1422 3203 πολυθέου
1479 3130 1744 3220 πλάνης
1803 3132 1931 3204 τὸν
1994 3134 2111 3205 ἕνα
2172 3132 2341 3204 θεὸν
2408 3132 2919 3223 κηρυττόμενον
2990 3131 3303 3225 εὖρὴσεις.

686 3228 871 3306 οὕτω
914 3239 1026 3303 καὶ
1070 3227 1254 3320 ημεῑς
1298 3232 1642 3321 εἰώθαμεν
1681 3228 2027 3320 Ἑλλήνων
2090 3250 2235 3315 τοῖς
2286 3239 2764 3323 δεισιδαίμοσιν
2815 3239 2890 3305 ἐν
2944 3252 3090 3316 τοῖς
3130 3233 3305 3323 πρὸς

685 3330 933 3414 αὖτοὺς
976 3327 1316 3420 διαλόγοις
1359 3331 1489 3421 τὴν
1533 3359 1654 3422 μεν
1697 3338 1851 3420 περὶ
1896 3338 2023 3403 τοῦ
2056 3338 2357 3421 Χριστοῦ
2400 3337 2835 3405 διδασκαλίαν
2863 3338 2955 3419 εἰς
2986 3328 3307 3423 εὔκαιρον

687 3430 1144 3521 ταμιεύεσθαι,
1218 3438 1393 3514 τέως
1461 3436 1534 3501 δὲ
1604 3427 1834 3515 αὐτοῖς
1897 3437 2019 3520 τῆς
2080 3426 2591 3518 εἰδωλολάτρου
2657 3431 2925 3523 πλάνης
2994 3438 3306 3522 ἐλέγχους

585 3548 653 3603 30
687 3538 1098 3619 προσφέρειν
1155 3537 1267 3601 καὶ
1321 3530 1447 3601 τὸν
1503 3533 1618 3603 ἕνα
1663 3532 1832 3601 εἶναι
1876 3530 2047 3601 θεὸν
2089 3527 2589 3614 ἀποδεικτικοῖς
2629 3531 3150 3620 κατασκευάζειν
3190 3530 3305 3605 λό-

688 3659 853 3721 γοις.
935 3636 1346 3719 μανθανέτω
1409 3639 1647 3701 τοίνυν
1709 3627 2134 3717 Μάρκελλος,
2197 3636 2253 3701 εἰ
2310 3629 2779 3722 καταγηράσας
2838 3638 2913 3705 ἐν
2970 3638 3306 3720 ἐπισκοπῇ
3338 3652 3376 3703 4

691 3738 813 3819 τῆς
846 3736 1146 3817 Χριστοῦ
1175 3731 1525 3817 ἐκκλησίας
1556 3720 1752 3800 οὔπω
1793 3736 1907 3798 καὶ
1946 3734 2069 3799 νῦν
2097 3726 2499 3820 μεμάθηκεν,
2548 3760 2657 3802 οτι
2702 3740 2803 3823 τῷ
2848 3740 3123 3823 παλαιῷ
3156 3740 3303 3822 λαῷ

693 3825 735 3918 ἦ
779 3835 904 3901 τοῦ
957 3825 1556 3916 ἀποκεκρυμμένου
1615 3833 1985 3917 μυστηρίου
2044 3838 2197 3917 περὶ
2258 3836 2383 3901 τοῦ
2441 3832 2592 3903 υἱοῦ
2652 3838 2779 3904 τοῦ
2838 3840 3009 3905 θεοῦ
3060 3839 3309 3921 γνῶσις

691 3925 1122 4015 καταλληλος
1166 3924 1477 4015 οὐδαμῶς
1521 3918 1626 4015 ἦν,
1672 3923 2061 4048 ὀλισθηρῶς
2106 3933 2329 4017 ἔχοντι
2372 3928 2542 4017 πρὸς
2573 3934 3155 4022 εἰδωλολατρείαν,
3199 3940 3311 4002 καὶ

589 4044 656 4099 35
699 4032 792 4111 ῶς
835 4026 1009 4117 μόνῃ
1053 4034 1139 4114 τῇ
1184 4022 1394 4097 αὐτοῦ
1447 4032 1759 4119 ἐκκλησία
1827 4028 1944 4099 »τὸ
1989 4025 2361 4117 μυστήριον
2404 4028 2485 4100 τὸ
2531 4025 3131 4122 ἀποκεκρυμμένον
3172 4028 3309 4103 απὸ

863 4248 900 4302 5
953 4248 1112 4301 Dent.
1149 4248 1228 4313 32,
1267 4249 1334 4303 39
1367 4278 1436 4287 -
1475 4249 1587 4305 m.
1643 4249 1782 4304 2011*
1827 4248 2067 4319 vg1.Nr.
2106 4252 2171 4304 67
2224 4278 2291 4288 -
2348 4250 2377 4304 7
2428 4249 2537 4305 Jes.
2572 4254 2655 4319 44,
2693 4253 2726 4307 6
2776 4282 2844 4292 -
2900 4253 2935 4309 s
2980 4253 3085 4307 Jes.
3123 4256 3209 4319 45,
3244 4235 3303 4306 εἴ]

693 4348 862 4415 (LXX
897 4351 964 4403 26
999 4348 1167 4402 Clem.
1207 4350 1380 4418 Alex)
1418 4379 1485 4389 —
1520 4351 1558 4406 9
1613 4348 1740 4404 Ηοε.
1777 4353 1859 4413 13,
1895 4354 1931 4404 4
1966 4380 2031 4389 -
2070 4351 2145 4406 15
2198 4350 2318 4405 Joh.
2378 4354 2457 4415 17,
2494 4354 2526 4407 3
2574 4382 2641 4392 —
2694 4354 2776 4409 20
2827 4354 2933 4409 ὅσα.
2969 4358 3053 4421 44,
3088 4354 3137 4409 6.
3178 4357 3206 4408 7
3244 4384 3309 4393 -·

697 4452 768 4506 21
813 4451 920 4506 ses.
955 4453 1037 4513 44,
1073 4452 1108 4507 8
1143 4480 1208 4489 —-
1246 4451 1324 4505 22
1363 4452 1468 4505 Jes.
1504 4455 1588 4520 44,
1625 4454 1671 4507 8.
1709 4454 1742 4507 9
1779 4482 1844 4491 -
1882 4453 1958 4508 aa
1994 4452 2134 4523 Eph.
2171 4454 2218 4517 3,
2256 4456 2303 4508 9.
2364 4454 2485 4507 K01.
2525 4458 2569 4520 1,
2608 4456 2675 4509 26
2708 4485 2773 4495 —
2814 4456 2891 4511 85
2928 4456 3051 4511 Kol.
3093 4458 3138 4519 1,
3175 4456 3242 4511 26

871 4652 944 4707 13
980 4654 1044 4719 δὴ
1083 4650 1154 4705 Kl
1189 4651 1247 4708 δὲ
1284 4652 1334 4705 V
1398 4653 1407 4719 Ι
1475 4654 1548 4708 15
1585 4648 1959 4722 γινώσκουσιν
1992 4654 2089 4719 V*‚
2127 4672 2261 4710 corr.
2300 4655 2376 4707 V²
2438 4658 2447 4724 Ι
2514 4657 2588 4712 17
2630 4654 2662 4711 ὁ
2698 4676 2737 4727 g
2772 4654 2824 4713 εἰ
2856 4657 2937 4709 V*
2972 4656 3085 4723 (st-r.
3126 4656 3220 4723 V2)
