3694 5582
757 510 786 568 1
798 509 836 572 8
1934 497 2201 553 Eusebius

753 678 976 762 μέγαν.
1030 673 1040 754 1
1104 673 1216 736 καὶ
1268 667 1502 736 ἔπειτα
1555 668 1664 736 ἐπὶ
1718 663 1844 734 τὸν
1896 670 2023 735 τοῦ
2073 669 2243 736 θεοῦ
2296 663 2707 753 ἄνθρωπον,
2760 662 2890 735 τὸν
2942 693 3040 745 ως
3090 659 3371 750 ἀληθῶς
3402 669 3537 738 2119

753 763 1242 858 τρισμακάριον
1305 771 1626 851 τρέπεται
1685 771 2061 848 Παυλῖνον,
2136 763 2352 850 ἄνδρα
2424 769 2801 852 τιμηθέντα
2870 767 2993 852 μὲν
3061 768 3185 851 τῆς
3239 756 3372 831 ’Av-

753 874 1042 956 τιοχέων
1119 867 1473 952 ἐκκλησίας
1551 872 1905 954 πρεσβείῳ,
1969 869 2365 984 διαπρεπῶς
2446 861 2511 936 δ’
2584 861 3170 934 ἐπισκοπεύσαντα
3252 867 3371 949 τῆς

760 975 1024 1054 Τυρίων
1077 957 1262 1036 οὕτω
1306 992 1379 1034 τε
1433 966 1508 1034 ἐν
1561 971 1646 1050 τῇ
1699 967 2037 1052 ἐπισκοπῇ
2096 960 2604 1051 διαλάμψαντα,
2658 960 2754 1045 ῶς
2801 961 2929 1051 τὴν
2972 958 3371 1048 Ἀντιοχέων

682 1077 715 1130 5
751 1072 1111 1156 ἐκκλησίαν
1165 1059 1262 1144 ῶς
1306 1067 1561 1134 οἰκείου
1605 1061 1873 1150 ἀγαθοῦ
1912 1069 2463 1153 μεταποιηθῆναι
2506 1059 2738 1134 αύτοῦ.
2824 1057 3002 1133 ἀλλὰ
3053 1066 3165 1130 καὶ
3220 1065 3368 1132 τοῦ·
3432 1077 3461 1128 3

751 1195 898 1251 τον,
941 1167 1289 1253 μακαρίως
1332 1168 1455 1252 μὲν
1495 1157 1894 1247 βεβιωκότα,
1938 1171 2285 1253 μακαρίως
2330 1159 2396 1234 δ’
2431 1159 3001 1250 ἇναπεπαυμένον
3040 1158 3253 1232 πάλαι
3294 1188 3367 1229 τε

751 1269 1243 1353 κεκοιμημένον
1309 1270 1420 1331 καὶ
1493 1267 1700 1351 μηδὲν
1773 1258 1964 1352 αύτῷ
2026 1269 2547 1350 διενοχλοῦντα,
2612 1257 2651 1331 ό
2710 1259 3103 1349 θαυμαστὸς
3164 1252 3367 1342 οὗτος

752 1363 1173 1454 συγγραφεὺς
1217 1362 1534 1433 σκωπτει.
1611 1368 1722 1430 καὶ
1764 1366 1840 1432 ἐκ
1881 1359 2138 1433 τούτου
2178 1361 2470 1448 μεταβὰς
2512 1357 2825 1448 Ὠριγένει
2866 1369 3165 1448 πολεμεῖ,
3208 1355 3370 1444 πρό-

749 1477 963 1538 παλαι
1022 1470 1137 1533 καὶ
1195 1460 1382 1551 αύτῷ
1445 1467 1858 1552 πεπαυμένῳ
1920 1467 2050 1532 τοῦ
2099 1469 2265 1547 βίου.
2354 1463 2588 1532 ἔπειτα
2643 1465 3004 1548 Ναρκίσσῳ
3058 1463 3371 1544 ἐπιστρα-

649 1574 718 1628 10
750 1564 1045 1646 τεύεται,
1106 1569 1220 1631 καὶ
1291 1559 1420 1632 τὸν
1491 1563 1728 1648 ἕτερον
1789 1557 2116 1645 Εύσέβιον
2178 1560 2439 1644 διώκει,
2512 1554 2686 1649 ὁμοῦ
2748 1587 2825 1629 τε
2883 1555 3150 1639 πάντας
3208 1557 3371 1640 τούς

751 1659 1340 1752 ἐκκλησιαστικοὺς
1389 1667 1690 1750 πατέρας
1742 1657 2003 1744 ἀθετεῖ,
2060 1655 2286 1732 ούδενὶ
2337 1658 2421 1730 τὸ
2464 1656 2794 1745 παράπαν
2838 1655 3284 1747 αρεσκόμενος
3328 1685 3367 1744 η

748 1762 942 1853 μόνῳ
999 1761 1238 1849 ἑαυτῷ.
1323 1757 1563 1849 γράφει
1615 1757 1678 1830 δ’
1727 1752 1853 1832 οὖν
1902 1754 2224 1847 ὀνομαστὶ
2270 1764 2501 1842 κακῶς
2544 1755 2995 1848 μνημονεύων
3034 1751 3371 1827 ἁπάντων
3432 1774 3465 1824 4

750 1869 1006 1977 τοῦτον
1049 1859 1177 1932 τὸν
1221 1857 1488 1946 τρόπον

817 1966 1014 2048 (Nr
1065 1967 1169 2044 59)
1217 1958 1502 2049 ἄρξομαι
1562 1967 1802 2030 τοίνυν
1866 1954 2001 2030 ἀπὸ
2064 1965 2186 2047 τῆς
2256 1954 2379 2030 ὑπ’
2435 1953 2650 2028 αύτοῦ
2700 1965 3063 2046 γραφείσης
3107 1961 3373 2027 ἐπιστο-

650 2078 716 2130 15
763 2142 775 2150 ὓ
815 2144 835 2159 4
877 2067 998 2150 λῆς
1029 2057 1203 2147 πρὸς
1241 2059 1528 2129 ἕκαστον
1573 2065 1720 2129 τῶν
1747 2056 1838 2146 μὴ
1870 2053 2105 2144 ὀρθῶς
2140 2065 2549 2146 γραφέντων
2588 2053 2986 2146 ἀντιλέγειν.
3044 2061 3375 2144 γέγραφεν

727 2161 754 2178 ⁴
875 2158 1289 2232 πιστεύειν
1351 2165 1460 2240 εἰς
1519 2163 1827 2247 πατέρα
1878 2155 2075 2228 θεὸν
2144 2184 2808 2246 παντοκρατορα,
2868 2161 2997 2226 καὶ
3060 2162 3169 2238 εἰς
3232 2153 3375 2224 τὸν

875 2259 1056 2332 υἱὸν
1101 2255 1351 2329 αύτοῦ
1394 2255 1540 2328 τὸν
1583 2262 1979 2348 μονογενῆ
2022 2254 2249 2344 θεόν,
2304 2255 2453 2328 τὸν
2492 2257 2777 2344 κύριον
2822 2251 3043 2345 ἡμῶν
3080 2251 3379 2344 Ἰησοῦν

877 2355 1264 2449 Χριστόν,
1335 2364 1465 2427 καὶ
1520 2363 1629 2438 εἰς
1683 2357 1775 2428 τὸ
1819 2365 2125 2447 πνεῦμα
2178 2357 2270 2430 τὸ
2324 2351 2589 2446 ἅγιον·
2658 2365 2772 2428 καί
2824 2379 3031 2445 φησιν
3082 2359 3166 2426 ἐκ
3208 2361 3376 2425 τῶν

875 2465 1129 2528 θείων
1180 2463 1512 2545 γραφῶν
1563 2465 2115 2547 μεμαθηκέναι
2168 2463 2466 2529 τοῦτον
2520 2454 2665 2529 τὸν
2720 2462 3374 2545 τῆςθεοσεβείας

647 2579 718 2635 20
877 2552 1207 2645 τρόπον.
1303 2556 1436 2644 ἐγώ
1485 2559 1558 2626 δὲ
1627 2550 1800 2628 ὅταν
1857 2565 1981 2645 μὲν
2029 2563 2241 2628 τοῦτο
2303 2562 2459 2645 λέγῃ
2520 2553 2933 2644 ἀποδέχομαι
2976 2553 3241 2642 σφόδρα
3286 2555 3374 2625 τὰ
3438 2567 3468 2622 5

878 2653 1222 2744 λεγόμενα,
1267 2653 1502 2737 κοινὸς
1539 2655 1666 2744 γὰρ
1705 2648 1912 2740 οὗτος
1940 2652 2274 2728 ἁπάντων
2302 2653 2497 2746 ἡμῶν
2540 2662 2663 2746 τῆς
2708 2660 3086 2739 θεοσεβείας
3134 2649 3171 2726 ὁ
3218 2650 3373 2740 τρό-

878 2785 1028 2841 πος,
1073 2753 1488 2828 πιστεύειν
1521 2760 1630 2838 εἰς
1657 2763 1972 2847 πατέρα
2012 2764 2143 2827 καὶ
2185 2753 2362 2828 υἱὸν
2389 2763 2519 2827 καὶ
2564 2750 2800 2844 ἅγιον
2828 2762 3157 2844 πνεῦμα·
3202 2747 3376 2825 ὅταν

878 2860 950 2925 δὲ
991 2853 1082 2943 μὴ
1127 2860 1248 2944 τῆς
1278 2856 1470 2937 θείας
1499 2860 1987 2945 ἐστοχασμένος
2028 2853 2379 2945 δυνάμεως
2406 2851 3041 2943 ἀνθρωπικώτερον
3078 2852 3234 2944 ἡμῖν
3264 2852 3377 2925 διᾶ

879 2982 1068 3037 τινος
1111 2958 1431 3042 ἐντέχνου
1471 2964 1772 3043 θεωρίας
1814 2954 1943 3027 τόν
1980 2984 2055 3026 τε
2101 2962 2367 3044 πατέρα
2394 2962 2658 3042 πατέρα
2702 2961 2862 3043 λέγῃ
2908 2962 3021 3025 καὶ
3065 2954 3193 3047 τὸν
3220 2954 3377 3026 υἱὸν

651 3080 721 3138 25
877 3051 1048 3137 υἱόν,
1081 3049 1302 3124 ούκέτ’
1333 3058 1636 3125 ἐπαινεῖν
1665 3054 1796 3145 τὴν
1825 3054 2153 3143 τοιαύτην
2183 3063 2491 3145 θεωρίαν
2525 3052 2907 3127 ἀκίνδυνον.
2956 3054 3064 3125 διὰ
3095 3054 3221 3143 γὰρ
3249 3059 3377 3142 τῆς
3442 3073 3473 3127 6

880 3150 1200 3241 τοιαύτης
1228 3159 1525 3240 θεωρίας
1554 3153 1683 3244 τὴν
1712 3162 1836 3225 νῦν
1867 3152 2098 3235 αὐτοῖς
2140 3158 2637 3243 ἐπινοουμένην
2666 3158 2919 3241 αἳρεσιν
2964 3150 3375 3239 αύξάνεσθαι

880 3259 1237 3341 συμβαίνει,
1259 3246 1428 3343 ὅπερ
1448 3260 1685 3340 σαφῶς
1703 3257 2019 3339 ἐπιδεῖξαι
2036 3250 2277 3344 ῥᾴδιον
2296 3255 2480 3343 οἶμαι
2510 3258 2584 3325 ἐκ
2602 3261 2753 3325 τῶν
2774 3250 2985 3325 αὐτοῦ
3003 3249 3249 3342 λόγων.
3265 3258 3381 3325 36‘

883 3355 1012 3440 ἔφη
1040 3350 1165 3439 γὰρ
1195 3352 1340 3424 τὸν
1369 3360 1510 3443 μὲν
1539 3359 1849 3441 πατέρα
1877 3356 2045 3424 δεῖν
2074 3350 2403 3441 ἀληθῶς
2440 3359 2746 3441 πατέρα
2778 3354 2983 3423 εἶναι
3018 3360 3380 3442 νομίζειν

879 3459 1009 3521 καὶ
1055 3449 1199 3522 τὸν
1238 3450 1416 3524 υἱὸν
1459 3447 1786 3541 ἀληθῶς
1829 3450 2009 3523 υἱὸν
2051 3459 2181 3523 καὶ
2224 3453 2315 3525 τὸ
2366 3447 2596 3541 ἅγιον
2641 3458 2949 3541 πνεῦμα
2980 3449 3377 3534 ὡσαύτως.

653 3569 722 3625 30
756 3556 975 3622 ταῦτα
1017 3544 1056 3621 6
1096 3547 1496 3641 Μάρκελλος
1522 3550 1696 3639 πρὸς
1723 3549 2078 3642 Ἀστέριον,
2110 3548 2235 3622 ούκ
2265 3550 2711 3642 ἀρεσκόμενος
2754 3560 2856 3642 τῷ
2889 3551 3034 3623 τὸν
3070 3556 3377 3639 πατέρα
3448 3570 3475 3621 7

758 3658 923 3723 δεῖν
973 3646 1298 3740 ἀληθῶς
1359 3658 1672 3740 πατέρα
1725 3654 1931 3722 εἶναι
1994 3647 2355 3740 ὁμολογεῖν
2414 3660 2543 3723 καὶ
2604 3651 2750 3724 τὸν
2808 3649 2985 3721 υἱὸν
3045 3646 3381 3740 ἀληθῶς

756 3750 930 3821 υἱὸν
971 3757 1101 3819 καὶ
1144 3748 1236 3820 τὸ
1283 3743 1511 3839 ἅγιον
1551 3758 1858 3841 πνεῦμα
1902 3748 2298 3833 ὡσαύτως.
2378 3746 2549 3823 ὅθεν
2590 3754 2739 3841 ἑξῆς
2781 3751 2893 3822 διὰ
2932 3754 3381 3838 μακροτέρων

759 3846 1232 3935 ἇνασκευάζειν
1263 3849 1388 3922 τὸν
1405 3857 1558 3940 περὶ
1581 3849 1857 3923 τούτων
1875 3856 2191 3938 πειρᾶται
2212 3848 2439 3940 λόγον.
2480 3850 2687 3937 ψιλὸν
2704 3849 2832 3939 γὰρ
2852 3856 3087 3938 καὶτῷ
3106 3845 3379 3936 ἄνθρω-

757 3956 930 4039 πείῳ
985 3946 1172 4038 λόγῳ
1229 3946 1496 4040 ὅμοιον,
1549 3946 1693 4039 ούχὶ
1739 3956 1809 4021 δὲ
1862 3948 2013 4021 υἱὸν
2066 3946 2348 4038 ἀληθῶς
2394 3956 2623 4037 ζῶντα
2676 3957 2790 4021 καὶ
2835 3946 3203 4036 ὑφεστῶτα
3248 3947 3379 4019 τὸν

655 4066 725 4121 35
762 4045 1062 4134 Χριστὸν
1092 4047 1265 4119 εἶναι
1286 4045 1643 4139 ὁμολογεῖν
1663 4055 1899 4121 ἐθέλει.
1936 4057 2047 4119 καὶ
2074 4050 2303 4139 ἐπειδὴ
2326 4050 2582 4140 ταύτην
2601 4049 2790 4121 εἶπεν
2809 4053 3231 4119 ἐπινοεῖσθαι.
3252 4054 3379 4119 νῦν
3448 4062 3482 4115 8

932 4219 1012 4275 80
1048 4219 1161 4288 vgl.
1197 4218 1288 4273 Nr.
1325 4221 1391 4275 59
1426 4248 1494 4258 -—
1529 4220 1604 4275 85
1641 4219 1754 4290 vgl.
1790 4220 1884 4273 Nr.
1920 4223 1987 4275 59

929 4364 964 4418 3
999 4354 1056 4417 δ’
1090 4362 1162 4416 ln
1185 4357 1234 4417 τ’
1259 4362 1308 4415 V
1355 4362 1366 4431 Ι
1416 4363 1487 4418 11
1529 4359 1690 4417 οὐδὲν
1713 4362 1810 4429 V*‚
1835 4378 1970 4417 corr.
1998 4362 2075 4414 V2
2104 4363 2114 4430 Ι
2147 4362 2374 4418 14--29
2410 4361 2508 4416 das
2534 4362 2718 4417 Ganze
2743 4361 2880 4415 wird
2904 4379 3015 4416 von
3036 4362 3115 4415 Re
3134 4361 3285 4415 Zahn
3313 4364 3383 4416 54

761 4465 1020 4519 Hamack
1079 4464 1172 4518 LG
1224 4466 1325 4519 112
1379 4464 1484 4518 mit
1525 4464 1701 4519 Reohb
1750 4463 1838 4516 fiir
1882 4463 1971 4517 ein
2023 4463 2530 4534 Mareellfragment
2580 4463 2845 4533 gehalten
2912 4463 3046 4533 (vgl.
3104 4462 3157 4516 Z.
3213 4462 3382 4529 30fl73

762 4565 958 4621 andere
1011 4583 1115 4636 mg
1145 4564 1550 4634 mConybeare
1585 4564 1804 4619 zN'rw
1834 4568 1963 4619 4³³0
2009 4566 2018 4631 Ι
2070 4566 2143 4621 15
2186 4562 2497 4636 ἀντιλέγων
2536 4566 2630 4620 Mo
2678 4566 2688 4633 1
2736 4562 3043 4637 γέγραφεν]
3080 4568 3143 4631 -1-
3190 4562 3253 4621 δὲ
3284 4564 3383 4618 Mo

763 4676 827 4729 -Ι-
865 4665 974 4739 γὰρ
1013 4688 1038 4721 r
1085 4670 1094 4736 Ι
1144 4668 1222 4724 20
1273 4665 1452 4722 τύπον
1487 4680 1572 4720 mr
1617 4667 1625 4732 Ι
1673 4666 1746 4721 27
1805 4660 2004 4738 ὥσπερ
2038 4666 2105 4735 V,
2142 4684 2277 4721 corr.
2308 4666 2415 4721 We
2460 4668 2470 4735 1
2527 4667 2605 4722 88
2650 4666 2841 4737 ψιλὸν]
2880 4667 2995 4734 vgl.
3030 4666 3203 4725 s.4,3
3238 4682 3293 4720 u.
3330 4669 3382 4717 ὃ.
