3694 5582
682 519 796 579 122
1854 511 2123 568 Eusebius

677 665 792 763 ἦν,
854 669 1028 746 ἀλλὰ
1074 669 1234 744 καθ’
1283 677 1570 746 ἕκαστον
1615 678 1947 763 ἐγίγνετο,
2010 673 2182 764 πρὸς
2238 667 2275 744 5
2322 669 2364 764 ή
2408 671 2697 744 ἑκάστου
2752 669 3029 759 δύναμις
3074 672 3181 740 οἵα
3224 697 3299 739 τε

678 767 766 862 ἦν
807 793 1059 862 χωρεῖν
1102 775 1414 860 προσιών
1457 772 1630 862 αὐτῇ
1673 783 1784 845 καὶ
1829 783 1914 863 τῇ
1960 772 2250 846 ἑκάστου
2294 780 2474 862 ψυχῇ
2523 772 2604 844 τὸ
2647 766 3087 859 κατάλληλον
3130 793 3296 856 παρ-

677 880 851 962 έχων
912 878 983 960 ἐξ
1043 869 1257 944 αὐτοῦ
1319 879 1638 964 πνεῦμα),
1699 882 1812 946 καὶ
1872 875 2121 962 νοερὰν
2180 872 2466 955 εἰκότως
2526 877 2637 943 ἐπὶ
2687 876 2816 942 τοῦ
2866 865 3215 958 παρόντος
3258 862 3297 936 5

677 971 1144 1062 εύαγγελιστὴς
1189 980 1317 1045 τοῦ
1373 972 1586 1062 λόγου
1637 978 1913 1062 ἔμελλεν
1975 971 2517 1063 εὐαγγελίζεσθαι
2578 977 3005 1062 οἰκονομίαν,
3066 962 3296 1039 οὐκέθ’

606 1090 639 1142 5
675 1068 926 1164 ὁμοίως
969 1093 1117 1156 τοῖς
1161 1086 1482 1155 παλαιοῖς
1535 1082 1887 1162 γεγονέναι
1942 1071 2157 1146 αὐτὸν
2210 1073 2448 1162 <πρὸς>
2504 1070 2741 1160 ἕτερόν
2784 1097 2940 1141 τινα
2986 1066 3297 1148 διδάσκει,

676 1169 824 1245 ἀλλ’
871 1170 1085 1244 αὐτὸν
1129 1171 1340 1260 σάρκα
1385 1169 1822 1262 άνειληφέναι
1868 1181 1980 1245 καὶ
2024 1173 2413 1262 ἄνθρωπον
2448 1177 2815 1262 γεγονέναι.
2900 1166 3019 1240 εἶτ’
3066 1165 3295 1256 ἐπειδὴ

674 1270 804 1362 τὴν
847 1277 942 1354 εἰς
985 1267 1404 1358 ἀνθρώπους
1447 1269 1662 1343 αὐτοῦ
1714 1270 2061 1361 σωτήριον
2114 1291 2259 1354 τοῖς
2312 1279 2523 1344 πᾶσιν
2571 1268 2885 1360 πάροδον
2933 1267 3296 1358 κηρύττειν

673 1374 974 1460 ἔμελλεν,
1040 1373 1189 1460 εξῆς
1251 1377 1478 1458 λέγων
1534 1380 1682 1443 »καὶ
1736 1368 1773 1443 5
1827 1369 2032 1461 λόγος
2084 1372 2251 1461 σὰρξ
2303 1377 2573 1462 ἐγένετο
2624 1379 2738 1441 καὶ
2788 1365 3175 1458 ἐσκήνωσεν
3218 1371 3293 1438 ἐν

673 1468 900 1561 ήμῑνι,
964 1468 1348 1557 ἀναγκαίως
1409 1477 1519 1541 ἐπὶ
1573 1471 1702 1561 τὴν
1755 1469 1969 1562 ἀρχὴν
2020 1469 2401 1561 ἀνατρέχει,
2464 1470 2593 1543 τὸν
2650 1475 2815 1558 χθὲς
2873 1475 2987 1538 καὶ
3045 1465 3291 1557 πρώην

571 1591 637 1645 10
671 1578 1146 1694 σαρκωθεντα·
1183 1567 1396 1659 λόγον
1455 1578 1560 1652 τίς
1618 1601 1790 1644 ποτε
1860 1575 1946 1660 ἠν
2004 1579 2117 1642 καὶ
2176 1567 2416 1654 ὁποῖος
2476 1568 2765 1654 δεικνύς,
2842 1579 3161 1657 θεολογεῑ
3215 1594 3291 1637 τε
3326 1578 3361 1632 3

673 1667 911 1756 αύτόν,
975 1666 1148 1758 ὁμοῦ
1197 1671 1327 1759 τὴν
1381 1678 1635 1758 γνῶσιν
1688 1668 1903 1742 αὐτοῦ
1951 1678 2063 1742 καὶ
2107 1671 2237 1762 τὴν
2281 1674 2373 1753 εἰς
2418 1667 2833 1760 ἀνθρώπους
2876 1665 3293 1754 θεοφάνειαν

673 1768 1272 1862 εὐαγγελιζόμενος.
1335 1766 1462 1840 εἶθ’
1495 1768 1592 1854 οἷς
1635 1779 1785 1842 τῶν
1827 1779 2147 1842 παλαιῶν
2189 1777 2263 1842 ἐκ
2292 1777 2441 1842 τῶν
2472 1778 2687 1842 θείων
2732 1765 3293 1858 ἀναγνωσμάτων

669 1869 1316 1960 προμεμαθηκότων
1359 1868 1485 1942 τὸν
1528 1867 1634 1957 ἐφ’
1681 1867 1950 1960 ἑκάστῳ
1994 1870 2323 1960 προφήτῃ
2377 1865 2746 1959 γενόμενον
2789 1865 3026 1957 λόγον,
3088 1862 3293 1948 αὐτὸς

673 1970 802 2058 τὴν
845 1977 1211 2058 θειοτέραν
1251 1978 1372 2040 καὶ
1408 1974 1758 2058 ἐξαίρετον
1801 1965 2017 2059 ἀρχὴν
2060 1967 2273 2042 αὐτοῦ
2314 1969 2657 2060 κηρύττει,
2722 1967 2809 2058 ἣν
2868 1963 3088 2050 οὐδεὶς
3128 1994 3293 2054 προ-

569 2087 634 2140 15
673 2076 920 2158 φητῶν
961 2066 1365 2158 ἀνθρώποις
1409 2076 1678 2158 γυμνῶς
1721 2063 1947 2151 οὕτως
1988 2079 2100 2140 καὶ
2132 2064 2731 2159 ἀπαρακαλύπτως
2774 2072 3114 2156 ἐξέφηνεν.
3188 2065 3289 2136 διὸ
3324 2075 3363 2128 4

671 2166 924 2259 μεγάλῃ
969 2177 1171 2257 φωνῇ
1216 2188 1364 2251 τοῖς
1406 2175 1612 2239 πᾶσιν
1665 2167 1750 2239 τὸ
1805 2169 2101 2256 λεληθὸς
2159 2176 2271 2238 καὶ
2331 2168 2623 2288 κρύφιον
2682 2174 2835 2256 περὶ
2896 2173 3025 2238 τοῦ
3085 2165 3295 2252 λόγου

666 2267 1040 2359 μυστήριον
1081 2269 1491 2357 παραδιδοὺς
1533 2266 1690 2354 ἐβόα
1735 2276 1955 2356 λέγων
2004 2273 2115 2339 »ἐν
2160 2265 2329 2357 ἀρχῇ
2372 2271 2459 2356 ἠν
2502 2263 2541 2338 5
2582 2265 2807 2354 λόγος,
2850 2273 2961 2337 καὶ
3006 2261 3045 2336 5
3090 2261 3295 2353 λόγος

670 2360 756 2457 ἦν
799 2367 973 2456 πρὸς
1017 2366 1144 2438 τὸν
1187 2366 1387 2452 θεόν,
1433 2375 1543 2438 καὶ
1588 2368 1752 2451 θεὸς
1797 2371 1883 2457 ἠν
1927 2363 1966 2439 5
2012 2365 2229 2454 λόγος.
2316 2365 2547 2438 πάντα
2600 2363 2686 2438 δι’
2738 2365 2953 2438 αὐτοῦ
3004 2369 3290 2452 ἐγένετο,

667 2473 776 2537 καὶ
834 2473 1042 2556 χωρὶς
1104 2464 1317 2538 αὐτοῦ
1377 2472 1646 2556 ἐγένετο
1709 2464 1864 2540 ούδὲ
1926 2469 2049 2539 ἕν.«
2160 2473 2218 2538 εἰ
2280 2466 2406 2555 γὰρ
2462 2467 2647 2556 παρὰ
2710 2473 2859 2536 τῶν
2928 2470 3291 2552 προτέρων
3328 2479 3362 2532 5

565 2585 634 2638 20
669 2573 884 2639 θείων
928 2573 1221 2656 γραφῶν
1261 2567 1895 2657 παιδαγωγούμενοι
1937 2564 2150 2637 πάλαι
2190 2563 2533 2655 πρότερον
2562 2562 3017 2656 μεμαθήκατε,
3062 2569 3287 2652 φησίν,

671 2660 784 2737 ὅτι
827 2665 1029 2755 λόγος
1071 2674 1308 2754 κυρίου
1351 2669 1622 2754 ἐγένετο
1663 2665 1839 2754 πρὸς
1881 2663 2085 2738 τόνδε
2128 2667 2256 2738 τὸν
2296 2663 2669 2756 προφήτην
2711 2673 2825 2736 καὶ
2852 2662 3027 2752 πρὸς
3058 2663 3293 2750 ἕτερον

668 2763 875 2837 πάλιν
935 2761 1188 2855 ὁμοίως
1241 2769 1504 2855 ἐγένετο
1560 2771 1673 2837 καὶ
1717 2758 1919 2848 αὖθις
1960 2765 2133 2855 πρὸς
2194 2765 2435 2851 ἄλλον,
2498 2762 2671 2839 ἀλλὰ
2732 2771 2859 2837 νῦν
2918 2760 3039 2852 ούχ
3100 2755 3293 2842 ὅπως

668 2870 935 2954 ἐγενετο
982 2863 1128 2939 ἀλλ’
1179 2860 1370 2947 ὅπως
1422 2858 1509 2955 ἦν
1561 2870 1637 2935 ἐν
1671 2862 1838 2955 άρχῇ
1884 2886 2027 2948 τοῖς
2071 2874 2279 2937 πᾶσιν
2324 2861 2695 2954 ἀναγκαῖον
2738 2863 3293 2954 εὐαγγελίσασθαι

669 2972 778 3035 καὶ
825 2995 922 3049 ως
973 2964 1171 3047 »θεὸς
1215 2966 1336 3055 ἠν(
1393 2973 1503 3037 καὶ
1558 2962 1654 3047 οὖς
1722 2964 1987 3037 »πάντα
2040 2962 2123 3035 δι’
2170 2964 2385 3038 αύτοῦ
2426 2970 2729 3055 ἐγένετο(
2786 2970 2898 3034 καὶ
2945 2958 3041 3045 οὖς
3085 2958 3292 3043 αὐτὸς

568 3082 634 3135 25
671 3070 924 3148 ἐκεῖνος
984 3070 1092 3139 70*
1148 3060 1187 3136 5
1247 3061 1411 3147 θεὸς
1473 3063 1703 3153 λόγος,
1775 3064 1893 3136 »δι’
1957 3058 2039 3136 οὗ
2102 3067 2189 3137 τὰ
2247 3064 2545 3149 πάνται,
2610 3071 3105 3153 φιλανθρωπία
3165 3066 3291 3132 τοῦ

669 3163 931 3253 πατρὸς
981 3163 1181 3253 »σαρξ
1223 3168 1492 3253 ἐγένετο
1539 3174 1652 3236 καὶ
1695 3164 2078 3254 ἐσκήνωσεν
2120 3170 2193 3237 ἐν
2239 3164 2452 3255 ἦμῑνι.
2518 3172 2528 3245 Ι
2594 3160 2785 3235 ταῦτ’
2832 3162 3289 3252 εὐηγγελίζετο
3326 3176 3391 3243 61
3436 3176 3575 3231 130

669 3261 978 3354 Ἰωάννης
1021 3260 1058 3335 5
1101 3272 1305 3355 μέγας
1350 3270 1476 3336 τοῦ
1520 3270 1821 3353 Χριστοῦ
1862 3264 2179 3355 μαθητὴς
2222 3272 2332 3335 καὶ
2396 3260 2813 3347 ἀπόστολος,
2878 3291 2963 3334 τα
3020 3268 3137 3333 νέα
3177 3267 3288 3331 καὶ

668 3363 868 3435 καινὰ
929 3372 1058 3436 τοῦ
1109 3370 1419 3453 σωτῆρος
1478 3362 1824 3435 παιδεύων
1886 3358 2194 3449 ἅπαντας
2256 3362 2673 3489 ανθριτξπους
2731 3359 3083 3452 μυστήρια.
3168 3358 3288 3447 ούχ

671 3456 776 3533 ὅτι
823 3462 1096 3553 λογικὸς
1139 3456 1226 3552 ἦν
1271 3459 1308 3535 5
1365 3462 1556 3545 θεός,
1619 3458 1840 3534 οὐδ’
1819 3460 1931 3535 ότι
1982 3460 2189 3546 αὐτὸς
2244 3461 2417 3551 πρὸς
2478 3464 2727 3534 ἑαυτὸν
2786 3468 3117 3534 διενοεῖτο
3177 3466 3289 3530 καὶ

563 3575 632 3629 30
667 3562 886 3652 ἑαυτῷ
932 3568 1450 3651 προσδιελέγετο
1501 3560 1925 3652 »ποιήσωμεν
1971 3560 2388 3652 ἄνθρωπον(
2439 3569 2677 3651 λέγων,
2722 3557 2869 3634 οὐδ’
2918 3556 3027 3633 ὅτι
3058 3556 3287 3646 λόγοις

665 3669 981 3751 κέχρηται
1025 3683 1171 3745 τοῖς
1214 3670 1358 3733 τῶν
1403 3670 1769 3749 πρακτέων
1813 3675 2389 3752 παραγγελτικοῑς.
2462 3668 2679 3733 ταῦτα
2710 3662 2835 3751 γὰρ
2865 3665 2998 3742 πᾶς
3042 3656 3283 3751 άρνού-

663 3789 866 3849 μενος
910 3760 1036 3833 τὸν
1078 3761 1232 3833 υἱὸν
1276 3769 1402 3834 τοῦ
1447 3768 1614 3834 θεοῦ
1659 3766 1837 3834 ειποι
1892 3762 1993 3832 ἄν.
2081 3756 2118 3833 5
2166 3764 2247 3852 δὴ
2291 3769 2405 3832 καὶ
2448 3759 2851 3849 Μάρκελλος
2890 3766 3140 3842 ποιῶν,
3186 3788 3283 3840 ως
3320 3774 3353 3826 7

663 3865 775 3931 ἐπὶ
818 3860 1292 3950 κρησφύγετον
1335 3866 1444 3932 ἐπὶ
1489 3862 1619 3951 τὴν
1661 3860 1966 3933 παλαιὰν
2008 3861 2414 3949 καταφεύγει
2458 3860 2726 3949 γραφὴν
2768 3858 2999 3931 καὶτὰ
3042 3854 3281 3946 νηπιά·

665 3971 856 4045 ζοντι
919 3967 1022 4050 τῷ
1065 3957 1406 4032 Ἰουδαίων
1467 3968 1610 4049 λαῷ
1667 3970 1817 4047 περὶ
1866 3968 1993 4033 τοῦ
2043 3961 2132 4050 μὴ
2178 3966 2705 4049 εἰδωλολατρετν
2768 3961 2887 4030 ἕνα
2948 3966 3019 4031 δὲ
3069 3954 3287 4048 μόνον

559 4072 626 4127 35
664 4064 909 4130 εἰδέναι
972 4089 1046 4129 τε
1099 4068 1212 4130 καὶ
1268 4067 1480 4145 σέβειν
1533 4059 1703 4131 θεὸν
1745 4068 2301 4150 παρρηγγελμένα
2344 4056 2657 4147 συνάγειν
2700 4064 3031 4145 πειρᾶται.
3114 4058 3288 4131 ἔνθα

829 4278 866 4333 8
901 4278 1023 4345 Joh.
1065 4284 1108 4343 1,
1140 4284 1206 4336 14
1241 4311 1306 4319 —
1349 4282 1417 4336 17
1459 4282 1580 4337 Joh.
1619 4286 1666 4345 1,
1706 4286 1754 4338 1.
1789 4284 1822 4337 3
1858 4312 1923 4320 -
1962 4282 2040 4338 24
2077 4280 2198 4337 Joh.
2238 4284 2334 4345 1,1
2372 4308 2439 4319 —-
2473 4280 2599 4335 Joh.
2636 4281 2736 4344 1‚3
2772 4310 2839 4319 ——
2874 4279 2948 4335 25
2985 4278 3156 4333 IKor.
3186 4279 3287 4345 8‚6

660 4409 727 4418 —
766 4381 843 4435 26
877 4380 1000 4435 Joh.
1039 4384 1085 4448 1,
1124 4386 1188 4435 14
1224 4412 1290 4419 —
1327 4382 1408 4437 30
1446 4382 1580 4437 Gen.
1617 4388 1666 4450 1,
1702 4384 1770 4439 26

839 4582 870 4636 1
912 4582 943 4637 5
982 4582 1058 4636 V2
1095 4580 1160 4637 ὃν
1199 4582 1279 4635 V*
1347 4586 1355 4649 Ι
1421 4584 1460 4639 4
1498 4578 1729 4651 ἔμελλεν
1765 4584 1838 4637 Κ1
1875 4582 1986 4653 vgl.
2026 4582 2079 4636 Z.
2104 4585 2138 4639 8
2173 4582 2400 4651 μέλλων
2434 4582 2485 4638 V
2530 4584 2541 4651 1
2605 4584 2642 4638 5
2680 4579 2824 4653 πρὸς
2860 4580 2937 4635 Re
2980 4584 2991 4647 Ι
3042 4579 3118 4636 19
3154 4579 3287 4651 περὶ

660 4682 754 4747 V*,
791 4701 926 4739 corr.
967 4683 1042 4737 V²
