3694 5582
718 1426 832 1509 Τῷ
879 1413 1346 1507 τιμιωτάτῳ
1390 1423 1516 1487 καὶ
1561 1411 1943 1504 ἀγαπητῷ
1988 1420 2587 1504 συλλειτουργῷ
2634 1420 3067 1504 Φλακίλλῳ

1309 1512 1682 1601 Εὐσέβιος
1725 1519 1810 1586 ἐν
1852 1522 2105 1604 κυρίῳ
2148 1521 2475 1603 χαίρειν.

747 1727 829 1791 Εἰ
871 1717 1046 1807 πρὸς
1089 1715 1218 1807 τὴν
1260 1713 1628 1805 ἀδόλεσχον
1669 1726 1781 1787 καὶ
1823 1723 2136 1806 πολυεπῆ
2168 1723 2573 1805 Μαρκέλλου
2614 1715 2887 1806 γραφὴν
2924 1714 3009 1788 τὰ
3039 1711 3193 1805 παρ’

583 1816 778 1908 ἡμῶν
820 1823 897 1890 ἐν
937 1823 1246 1907 βραχέσιν
1289 1813 1593 1906 ἤρκεσεν,
1657 1814 1740 1888 ού
1789 1818 1915 1908 χρὴ
1968 1814 2363 1904 θαυμάζειν·
2442 1813 2525 1890 ού
2584 1815 2709 1904 γὰρ
2771 1817 2852 1907 δὴ
2913 1821 3197 1888 πολλῶν

513 1941 548 1994 5
585 1922 716 1990 ἔδει
759 1916 988 2007 λόγων
1030 1915 1204 2005 πρὸς
1247 1913 1651 2006 ἀνατροπὴν
1694 1924 1842 1988 τῶν
1895 1913 2196 1989 αύτόθεν
2254 1923 2365 1990 καὶ
2427 1935 2573 2000 τοῖς
2634 1923 2951 2006 τυχοῦσιν
3008 1943 3198 1986 κατε-

582 2024 1014 2107 γνωσμένων.
1103 2015 1206 2089 διὸ
1252 2017 1334 2106 δὴ
1379 2020 1453 2088 ἐν
1498 2022 1643 2087 δυσὶ
1687 2034 1834 2100 τοῖς
1877 2017 2185 2106 πρώτοις
2238 2015 2415 2107 μόνῃ
2478 2023 2563 2106 τῇ
2623 2021 2993 2105 παραθέσει
3054 2022 3199 2087 τῶν

582 2123 711 2189 τοῦ
751 2115 999 2204 ἀνδρὸς
1041 2115 1366 2206 ῥημάτων
1405 2113 1824 2206 χρησάμενος
1870 2121 2017 2206 δίχα
2059 2114 2279 2207 πάσης
2330 2112 2793 2206 ἀντιρρήσεως
2843 2120 2917 2202 ἐξ
2967 2111 3203 2186 αύτῶν

585 2217 712 2290 τὸν
753 2214 903 2289 κατ’
949 2213 1183 2288 αὐτῶν
1223 2222 1336 2289 48*
1365 2218 1638 2306 ἔλεγχον
1683 2215 1987 2306 φανερὸν
2030 2214 2417 2305 ἐποιούμην.
2488 2223 2637 2288 νυνὶ
2670 2222 2742 2287 δὲ
2782 2214 2954 2302 πρὸς
2983 2218 3201 2301 ἐκείνῃ

587 2326 673 2406 τῇ
719 2317 922 2410 φῶρᾳ
963 2323 1070 2387 καὶ
1117 2315 1248 2404 τὴν
1291 2311 1695 2406 ἀνατροπὴν
1741 2321 1891 2387 τῶν
1934 2311 2169 2388 αὐτῶν
2200 2314 2309 2388 διὰ
2340 2322 2557 2404 τριῶν
2598 2323 2747 2388 τῶν
2788 2313 2957 2406 μετὰ
2983 2331 3203 2403 χεῖρας

483 2435 550 2490 10
585 2415 1037 2508 προσήγαγον.
1123 2411 1162 2486 ὅ
1204 2419 1326 2505 μὲν
1370 2415 1496 2505 γὰρ
1543 2418 1616 2486 ἓν
1659 2445 1725 2487 τι
1769 2414 2133 2505 διωλύγιον
2175 2423 2285 2488 καὶ
2336 2421 2772 2500 πολυπλανὲς
2816 2413 3203 2504 σύγγραμμα

589 2515 918 2603 συντάξας
963 2511 1172 2588 τοῦτό
1219 2538 1424 2604 φησιν
1465 2521 1910 2604 πεποιηκέναι
2054 2512 2059 2522 '

713 2617 850 2700 (Nr.
889 2623 1027 2702 115)
1073 2615 1186 2686 διὰ
1230 2612 1313 2686 τὸ
1360 2615 1474 2685 ἕνα
1520 2622 1873 2704 γνωρίζειν
1914 2613 2104 2700 θεόν,

587 2710 677 2804 μή
720 2743 818 2803 πη
866 2711 1048 2802 λάθῃ
1093 2721 1194 2805 τῷ
1237 2718 1364 2805 υἱῷ
1409 2721 1539 2787 τοῦ
1581 2723 1752 2788 θεοῦ
1791 2715 2027 2806 χώραν
2054 2715 2281 2800 διδοὺς
2308 2712 2751 2799 ὑποστάσεως
2792 2714 3041 2786 διελών
3075 2710 3203 2803 τὴν

590 2812 876 2903 γραφήν.
963 2811 1144 2903 ἡμεῖς
1186 2820 1258 2884 δὲ
1300 2812 1431 2903 τὴν
1472 2822 1814 2906 παναγίαν
1866 2824 1977 2887 καὶ
2042 2824 2524 2906 τρισμακαρίαν
2578 2822 2913 2904 τιμῶντες
2964 2811 3204 2903 τριάδα

485 2932 552 2985 15
591 2916 666 2983 ἐν
727 2910 1083 2997 τοσούτοις
1145 2912 1274 3002 τὴν
1332 2920 1562 2987 πᾶσαν
1619 2913 1956 2988 ὑπόθεσιν
2026 2914 2551 3005 συνειλήφαμεν,
2625 2912 3013 3003 φεισάμενοι
3082 2920 3203 3004 μὲν

585 3019 1021 3101 πολυλογίας,
1069 3016 1143 3084 ἐν
1185 3011 1536 3104 ἐπιτόμοις
1578 3023 1652 3087 δὲ
1693 3026 1806 3088 καὶ
1849 3021 2159 3103 βραχέσιν
2201 3014 2331 3105 τὴν
2374 3010 2601 3104 άληθῆ
2646 3010 3205 3104 παραστήσαντες

587 3117 968 3199 θεολογίαν.
1065 3115 1122 3183 εἰ
1179 3119 1303 3202 μὲν
1362 3106 1486 3186 οὖν
1547 3112 1907 3203 αὐτάρκως
1967 3117 2097 3203 ἔχει
2160 3115 2247 3186 τὰ
2306 3122 2682 3205 γραφέντα,
2754 3121 3049 3204 κρίνειας
3117 3108 3206 3182 ἂν

587 3206 793 3294 αὐτὸς
821 3210 1282 3300 ἐντυγχάνων·
1337 3220 1392 3284 εἰ
1423 3220 1500 3286 δέ
1525 3244 1683 3287 τινα
1729 3224 1969 3300 λείποι,
2013 3222 2125 3285 καὶ
2170 3221 2387 3286 ταῦτα
2430 3210 2581 3303 (ἂν)
2628 3208 3201 3304 άναπληρῶσειας,

585 3310 842 3401 δηλαδὴ
889 3308 954 3397 [ἃ
985 3309 1086 3401 δὴ]
1119 3309 1410 3401 άδελφός
1441 3310 1744 3401 άδελφοῦ
1787 3313 1873 3386 τὰ
1916 3310 2363 3403 ύστερὴματα,
2410 3318 2468 3384 εἴ
2504 3341 2643 3385 που
2684 3320 2797 3385 καὶ
2838 3318 3207 3402 θεραπείας

485 3423 553 3479 20
587 3415 833 3495 δέοιτο,
878 3406 962 3482 δι’
1009 3413 1559 3502 ἐπανορθώσεως
1602 3413 1981 3501 ἐξιώμενος.

741 3507 1124 3599 Ἕρρωσθαί
1167 3534 1238 3583 σε
1283 3518 1394 3583 καὶ
1435 3513 1878 3604 μνημονεύειν
1907 3541 2038 3603 μου
2078 3520 2178 3604 τῷ
2224 3520 2433 3603 κυρίῳ
2472 3510 2579 3583 διὰ
2623 3510 2887 3596 παντὸς
2916 3504 3204 3600 εὔχομαι.

754 3682 792 3735 6
827 3680 938 3750 vgl.
975 3680 1026 3736 S.
1063 3682 1111 3748 2,
1150 3683 1216 3737 16
1249 3710 1314 3721 -
1356 3682 1434 3738 1⁰
1471 3683 1580 3754 vgl.
1617 3682 1668 3737 S.
1710 3688 1754 3749 1,
1793 3688 1860 3739 14

758 3830 796 3885 8
831 3834 1088 3898 πολυεπῆ
1122 3830 1213 3885 Mo
1249 3831 1396 3889 πολὺ
1430 3830 1522 3890 ἐπὶ
1559 3836 1606 3887 V
1663 3836 1674 3902 Ι
1725 3836 1768 3891 4
1799 3832 2091 3906 βραχέσιν]
2126 3840 2191 3898 -Ι-
2227 3832 2547 3904 λεχθένταῖ
2598 3834 2607 3900 Ι
2660 3835 2698 3889 9
2735 3836 2892 3903 φορᾶ
2930 3830 3007 3885 V²
3058 3833 3066 3889 Ι
3125 3830 3204 3887 18

589 3925 660 3985 ἂν
698 3930 801 3985 We
853 3933 862 3999 Ι
918 3931 995 3986 19
1033 3927 1070 3987 ἃ
1107 3934 1170 4001 δὴ
1209 3937 1303 3990 etr.
1339 3935 1412 3989 111
1449 3936 1580 4006 (ng.
1616 3936 1870 4005 Register
1902 3939 2065 3990 nuber
2099 3929 2201 3991 ἅτε
2236 3953 2287 3991 u.
2324 3935 2557 4003 δηλαδή)
2594 3926 2695 3990 ἅτε
2730 3951 2785 3987 m

3230 1431 3303 1486 57
