3694 5582
673 1567 740 1624 10

675 2065 742 2118 15

675 3054 744 3108 25

673 3550 742 3605 30

769 505 848 564 54
1269 569 1280 582 Ι
1956 490 2226 547 Eunobius

897 653 1290 740 ἀπόστολος
1334 649 1522 728 οῦτω
1566 684 1721 738 πως
1762 657 1895 746 ἔφη
1946 661 2087 727 »δεῖ
2125 653 2253 745 γὰρ
2294 649 2509 726 αὐτὸν
2552 652 2945 740 βασιλεύειν,
3002 657 3132 738 ἕως
3176 651 3263 725 ἂν
3302 662 3391 744 θῇ

901 757 1065 839 τούς
1108 754 1394 845 ἐχθροὺς
1437 751 1654 830 αὐτοῦ
1695 751 2087 829 ὑποπόδιον
2128 761 2279 826 τῶν
2319 759 2565 826 ποδῶν
2592 748 2863 826 αῦτοῦι.
2938 751 3193 828 οὐκοῦν
3233 747 3392 844 ὅρον

901 882 1056 926 τινα
1095 857 1269 942 ἔχειν
1309 859 1498 926 δοκεῖ
1536 851 1579 944 ἦ
1622 853 1798 926 κατὰ
1841 853 2231 942 ἄνθρωπον
2281 849 2497 926 αῦτοῦ
2542 855 2898 943 οἰκονομία
2942 881 3017 925 τε
3068 859 3180 926 καὶ
3222 863 3392 940 βασι·

898 955 1062 1027 λἐία.
1149 950 1346 1026 οῦδὲν
1387 953 1515 1044 γὰρ
1561 955 1798 1045 ἕτερον
1839 952 2156 1038 βούλεται
2200 949 2247 1042 ἢ
2275 959 2485 1024 τοῦτο
2524 948 2609 1024 τὸ
2652 947 2789 1025 ῦπό
2834 959 2962 1026 τοῦ
3004 949 3393 1026 ἀποστόλου

897 1057 1114 1146 ῥηθὲν
1171 1053 1337 1136 »ἕως
1381 1049 1467 1125 ἂν
1523 1061 1620 1142 θῇ
1684 1053 1846 1136 τούς
1906 1052 2195 1142 ἐχθροὺς
2248 1049 2464 1126 αὐτοῦ
2515 1048 2905 1126 ὑποπόδιον
2946 1059 3095 1124 τῶν
3136 1058 3391 1136 ποδῶν,

899 1150 1169 1227 αὐτοῦς.
1237 1148 1490 1225 οὐκοῦν
1517 1152 1795 1224 ἐπειδὰν
1837 1153 2003 1237 τούς
2040 1152 2327 1242 ἐχθροὺς
2367 1159 2491 1242 σχῇ
2532 1147 2919 1224 ὑποπόδιον
2964 1159 3115 1224 τῶν
3156 1158 3391 1226 ποδῶν
3450 1169 3481 1224 9

897 1250 1124 1328 οὐκέτι
1165 1251 1388 1342 χρῄζει
1431 1258 1555 1342 τῆς
1613 1257 1691 1324 ὲν
1749 1260 1933 1343 μέρει
1993 1250 2249 1342 ταύτης
2306 1257 2672 1340 βασιλείας,
2735 1247 3027 1324 πάντων
3086 1251 3391 1326 καθόλου

897 1352 1202 1454 βασιλεὺς
1241 1347 1596 1442 ὖπάρχων·
1643 1357 1654 1440 Ι
1699 1350 2159 1442 συμβασιλεύει
2201 1350 2329 1442 γὰρ
2382 1359 2523 1442 »τῷ
2566 1358 2713 1442 θεῷ
2756 1358 2870 1423 καὶ
2908 1359 3178 1441 πατρία,
3233 1343 3316 1424 οῦ
3356 1347 3392 1423 ό
3423 1360 3489 1414 52

900 1450 1102 1542 λόγος
1143 1455 1228 1541 ἠν
1270 1479 1346 1523 τε
1386 1457 1500 1524 καὶ
1529 1455 1730 1523 ἐστίν.
1801 1448 1959 1525 οὐδὲ
1989 1450 2117 1543 γὰρ
2148 1447 2357 1534 αῦτὸς
2384 1446 2544 1524 καθ’
2590 1449 2840 1523 ἑαυτὸν
2870 1447 2909 1524 ὁ
2954 1447 3159 1540 λόγος
3188 1448 3394 1541 ἀρχὴν
3425 1461 3481 1514 10

898 1561 1233 1642 βασιλείας
1275 1555 1572 1642 εἴληφεν,
1614 1545 1762 1622 ἀλλ’
1795 1547 1834 1623 ὁ
1876 1549 2260 1640 ἀπατηθεὶς
2303 1547 2441 1624 ὑπὸ
2485 1557 2617 1623 τοῦ
2657 1547 2983 1636 διαβόλου
3024 1550 3395 1639 ἄνθρωπος

901 1651 1012 1724 διὰ
1053 1657 1178 1740 τῆς
1221 1656 1348 1722 τοῦ
1387 1647 1594 1739 λόγου
1637 1648 1988 1742 δυνάμεως
2029 1649 2335 1736 βασιλεῦς
2376 1656 2672 1740 γέγονεν,
2718 1654 2827 1722 ἵνα
2867 1650 3175 1736 βασιλεὺς
3215 1647 3395 1740 γενό-

899 1779 1101 1841 μενος
1142 1747 1271 1821 τὸν
1313 1745 1658 1838 πρότερον
1687 1745 2137 1840 ἀπατήσαντα
2180 1746 2422 1840 νικήσῃ
2466 1747 2805 1835 διάβολον.
2890 1750 3002 1822 διὰ
3044 1756 3259 1823 τοῦτο
3288 1756 3395 1821 καὶ

901 1855 969 1922 αὶ
999 1847 1276 1940 Πράεεις
1321 1856 1468 1920 τῶν
1511 1845 1929 1922 ἀποστόλων
1968 1857 2124 1939 περὶ
2168 1855 2297 1922 τοῦ
2338 1846 2726 1939 ἀνθρώπου
2768 1847 3043 1935 τούτου,
3098 1843 3181 1921 ὃν
3224 1847 3394 1923 ἀνεί-

900 1960 1118 2040 ληφεν
1147 1943 1186 2020 ό
1218 1953 1344 2022 τοῦ
1373 1955 1543 2020 θεοῦ
1586 1945 1790 2040 λόγος
1831 1958 1945 2022 καὶ
1988 1945 2377 2038 ἀνειληφὼς
2420 1953 2497 2021 ἐν
2539 1954 2723 2041 δεξιᾷ
2752 1955 2879 2021 τοῦ
2906 1949 3169 2039 πατρὸς
3196 1957 3393 2022 καθέ-

903 2061 1104 2138 ζεται,
1160 2041 1386 2130 οῦτως
1427 2045 1857 2120 διδάσκουσιν
1900 2054 2211 2138 λέγουσαι
2260 2077 2383 2120 »ον
2424 2052 2526 2118 δεῖ
2566 2043 2868 2136 οὐρανὸν
2908 2055 3035 2137 μὲν
3076 2054 3395 2136 δέξασθαι

901 2177 1052 2239 αχρι
1092 2145 1366 2238 χρόνων
1407 2143 2089 2232 ἀποκαταστάσεωςι.
2173 2155 2288 2219 καὶ
2330 2139 2533 2220 αῦται
2578 2144 2809 2238 ωσπερ
2864 2176 3035 2238 ορον
3085 2147 3243 2220 τινὰ
3286 2157 3393 2220 καὶ

900 2255 1326 2338 προθεσμίαν
1367 2252 1478 2321 47¹
1513 2241 1855 2336 ὁρίζουσαι
1896 2251 1969 2320 ἐν
2014 2239 2201 2368 ᾧπερ
2244 2245 2571 2337 προσήκει
2613 2249 2745 2336 τὴν
2786 2246 2963 2319 κατὰ
3008 2247 3392 2337 ανθρωπον

901 2355 1298 2435 οἰκονομίαν
1343 2343 1656 2435 ἡνῶσθαι
1698 2355 1802 2438 τῷ
1850 2344 2033 2437 λόγῳ
2080 2339 2267 2420 οῦτω
2301 2353 2627 2436 λέγουσιν.
2694 2354 2765 2418 τί
2805 2344 2934 2436 γὰρ
2979 2349 3219 2434 ἕτερον
3246 2347 3394 2434 βοῦ-
3426 2362 3479 2413 11

903 2458 1092 2520 λεται
1133 2445 1218 2518 τὸ
1268 2445 1456 2535 »ἄχρι
1496 2445 1770 2534 χρόνων
1813 2442 2493 2532 ἀποκαταστάσεωςι,
2538 2441 2584 2534 ἢ
2614 2453 2836 2518 αἰῶνα
2862 2453 3205 2536 μέλλοντα
3242 2445 3396 2538 ἡμῖν
3468 2489 3477 2504 =

903 2555 1274 2638 σημαίνειν,
1337 2549 1410 2616 ἐν
1469 2537 1527 2636 ᾧ
1574 2552 1676 2616 δεῖ
1723 2543 1953 2618 πάντα
2004 2551 2129 2635 τῆς
2178 2553 2439 2628 τελείας
2479 2564 2707 2636 τυχεῖν
2748 2541 3395 2632 ἀποκαταστάσεως,

907 2653 964 2717 εἰ
1007 2655 1248 2719 τοίνυν
1287 2651 1362 2716 ἐν
1406 2652 1508 2735 τῷ
1553 2652 1768 2735 καιρῷ
1813 2651 1939 2734 τῆς
1980 2641 2601 2728 ἀποκαταστάσεως
2642 2640 2983 2718 απάντων
3022 2653 3135 2719 καὶ
3180 2643 3397 2738 αὐτὴν

906 2745 1036 2837 τὴν
1075 2753 1296 2817 κτίσιν
1339 2749 1414 2818 ἐκ
1456 2750 1580 2833 τῆς
1631 2750 1940 2828 δουλείας
1992 2747 2085 2828 εἰς
2136 2746 2269 2836 τὴν
2320 2749 2715 2835 ἐλευθερίαν
2765 2744 3397 2839 μεταβληθήσεσθαι

905 2841 944 2919 ό
977 2852 1247 2928 Παῦλος
1291 2846 1417 2932 ἔφη
1465 2851 1666 2933 (λέγει
1708 2843 1834 2936 γὰρ
1869 2839 2017 2917 »ὅτι
2052 2854 2159 2918 καὶ
2209 2841 2379 2936 αὐτὴ
2425 2842 2467 2936 ή
2510 2854 2725 2929 κτίσις
2766 2845 3397 2938 ἐλευθερωθήσεται

907 2942 1044 3017 ἀπὸ
1087 2950 1212 3035 τῆς
1252 2950 1560 3027 δουλείας
1605 2950 1726 3033 τῆς
1772 2951 2047 3033 φθορᾶς
2088 2952 2181 3028 εἰς
2198 2945 2354 3065 ’τὴν
2395 2949 2789 3034 ἐλευθερίαν
2842 2951 2966 3035 τῆς
3008 2942 3209 3037 δόξης
3252 2955 3397 3019 τῶν

905 3051 1174 3117 τέκνων
1203 3049 1329 3116 τοῦ
1358 3048 1570 3131 θεοῦ),
1614 3050 1767 3127 πῶς
1797 3047 1899 3116 ἔτι
1928 3044 2061 3135 τὴν
2104 3051 2231 3119 τοῦ
2272 3042 2524 3119 δούλου
2558 3043 2853 3135 μορφήν,
2898 3040 2986 3135 ἣν
3028 3040 3398 3136 ἀνείληφεν
3430 3056 3488 3109 12

905 3140 944 3217 ό
987 3140 1210 3233 λόγος,
1255 3143 1558 3265 μορφὴν
1569 3136 1780 3215 οὖσαν
1810 3142 2080 3229 δούλου,
2127 3164 2421 3218 συνεῖναι
2454 3150 2555 3236 τῷ
2596 3140 2781 3235 λόγω
2810 3142 3111 3217 δυνατὸν
3148 3141 3396 3234 γένοιτ’

903 3243 1022 3329 α”ν,·
1093 3250 1331 3330 σαφῶς
1374 3239 1433 3313 δ’
1479 3234 1604 3315 οὖν
1645 3251 1757 3315 καὶ
1793 3242 2185 3363 διαρρήδην
2236 3248 2313 3315 ἐν
2364 3250 2595 3330 βραχεῖ
2644 3272 2783 3315 τινι
2831 3239 3063 3333 χρόνῳ
3124 3252 3273 3317 τῶν
3325 3276 3399 3316 τε

901 3338 1490 3431 παρεληλυθότων
1549 3348 1662 3414 καὶ
1725 3348 1873 3413 τῶν
1930 3339 2336 3431 μελλόντων
2403 3340 2687 3414 αἰώνων
2748 3341 2879 3433 τὴν
2941 3342 3120 3415 κατὰ
3184 3342 3397 3433 σάρκα

901 3446 1300 3531 οἰκονομίαν
1343 3447 1470 3513 τοῦ
1512 3437 1724 3530 λόγου
1764 3436 1849 3512 δι’
1881 3438 2051 3530 ἡμᾶς
2082 3446 2485 3531 γεγενῆσθαι
2514 3447 2935 3533 συμβέβηκεν.
2996 3451 3111 3515 καὶ
3140 3443 3399 3535 ταύτην

903 3538 1133 3629 ῶσπερ
1175 3534 1390 3629 ἀρχὴν
1435 3534 1661 3624 οῦτως
1703 3548 1816 3613 καὶ
1868 3548 2066 3625 τέλος
2110 3543 2281 3629 ἕξειν
2324 3570 2363 3613 ο
2404 3548 2768 3625 θεσπέσιος
2812 3544 3076 3633 εἴρηκεν
3104 3548 3395 3627 Παῦλος

949 3762 980 3816 1
1019 3760 1049 3815 I
1083 3760 1214 3816 Kor.
1251 3765 1331 3823 15,
1367 3762 1434 3817 25
1477 3790 1544 3799 —
1578 3760 1616 3817 5
1661 3762 1686 3814 Ι
1723 3760 1850 3816 Kor.
1890 3765 1971 3828 15,
2008 3764 2075 3818 25
2109 3791 2176 3801 —
2220 3762 2257 3817 8
2290 3762 2315 3815 1
2352 3762 2479 3816 Kor.
2519 3764 2598 3824 15.
2635 3762 2703 3815 24
2736 3792 2803 3800 —
2843 3762 2987 3818 loir
3014 3764 3127 3833 vgl.
3168 3764 3261 3820 Νι.
3300 3767 3401 3821 100

775 3894 840 3903 -
881 3862 956 3919 15
993 3864 1114 3916 Aet.
1151 3864 1200 3929 3,
1237 3862 1301 3915 ‘21
1336 3890 1404 3900 —
1443 3862 1518 3917 19
1557 3864 1676 3916 Aob.
1712 3864 1760 3926 3,
1798 3864 1865 3917 ‘21
1902 3892 1969 3901 -
2006 3864 2085 3920 28
2120 3862 2275 3918 Rom.
2310 3864 2361 3929 8,
2395 3864 2461 3917 21
2498 3891 2565 3901 -
2600 3860 2727 3918 251
2756 3862 2899 3917 Phil.
2934 3864 2984 3932 2,
3022 3866 3052 3918 7

945 4062 983 4119 8
1017 4064 1138 4133 θεῷ
1174 4060 1266 4116 Mo
1302 4063 1410 4116 δᾶδ
1447 4062 1494 4112 V
1547 4063 1556 4129 Ι
1613 4061 1686 4117 15
1733 4060 1983 4135 οὐρανὸν
2020 4062 2127 4131 μὲν
2174 4061 2301 4119 and.
2337 4065 2413 4117 st.
2448 4058 2557 4132 μὲν
2591 4050 2735 4119 W&
2772 4064 2821 4118 V
2874 4064 2883 4131 Ι
2939 4065 3015 4119 16
3066 4062 3235 4122 αὐταὶ
3268 4084 3325 4120 m
3392 4111 3396 4120 .

780 4165 854 4220 19
910 4160 1093 4218 αἰῶνα
1137 4162 1420 4229 μέλλοντα
1457 4162 1562 4217 We
1615 4158 1682 4217 ὃν
1725 4156 1929 4231 ἔμελεν
1965 4165 2068 4233 V2,
2112 4164 2144 4216 ’ἒ
2170 4164 2202 4216 ⁸?
2236 4165 2319 4219 V*
2370 4164 2381 4233 l
2434 4164 2511 4221 21
2566 4161 2623 4220 εἰ
2653 4163 2779 4219 and.
2816 4166 2893 4221 st„
2928 4160 2965 4235 ἢ
3001 4160 3111 4235 ἾἸ
3167 4168 3398 4224 21-28

775 4270 956 4335 καιρῷ
1008 4294 1076 4304 -
1125 4266 1225 4319 καὶ
1277 4262 1403 4317 and.
1440 4264 1515 4318 St.
1561 4282 1636 4318 κα
1657 4280 1692 4311 ³*
1725 4282 1758 4313 κ
1793 4284 1826 4313 ⁴*
1861 4284 1896 4314 ἤ
1930 4284 1963 4314 «-
2046 4262 2565 4330 ἀποκαταστάσεως
2616 4262 2735 4321 ἄπο
2816 4286 2851 4317 «ιι
2884 4286 2919 4317 ff
2952 4286 2987 4317 «ιι
3020 4286 3056 4317 «-
3088 4286 3123 4317 -u
3158 4288 3191 4317 ff
3228 4288 3261 4319 υ
3295 4288 3330 4319 {-
3361 4288 3397 4317 ι-

777 4384 810 4414 et-
865 4384 934 4433 ην
985 4365 1089 4432 τὴν
1137 4364 1318 4419 κτίσιν
1375 4361 1441 4420 ἐκ
1491 4370 1590 4433 τῆς
1639 4365 2501 4419 δοῆικυιιευφι-ιυα-ιι
2594 4362 2925 4440 ἐλευθερίαν
2995 4366 3142 4435 μετὰ
3224 4388 3395 4417 «ιι-φ

777 4484 1215 4515 *annuus*
1271 4460 2346 4535 dnafiaoqz‘qoq‚2.5**÷****w
2394 4462 3403 4539 αιν125ἔτιΜοέστιῩ1261

775 4558 984 4634 γένοιτ’
1017 4559 1090 4619 ἂν
1143 4574 1342 4635 σαφῶς
1376 4566 1503 4622 and.
1555 4566 1635 4622 st.
1687 4585 1778 4637 y*
1813 4588 1846 4618 ot
1880 4588 1915 4617 φ
1949 4588 1982 4618 ιι
2015 4587 2050 4618 υ
2080 4590 2115 4620 ε
2178 4574 2301 4638 φῶς
2337 4569 2386 4623 V
2438 4570 2447 4637 Ι
2504 4570 2577 4626 27
2636 4560 2809 4640 δὀὖν]
2866 4577 3007 4641 γοῦν
3066 4571 3193 4625 and.
3246 4572 3321 4627 St
3386 4601 3392 4632 :

779 4666 857 4721 29
918 4666 1326 4739 συμβεβηκέναι
1361 4668 1487 4722 and.
1523 4668 1600 4723 st.
