3694 5582
663 483 744 546 98
1854 473 2119 530 Eusebius

667 645 881 730 δῆλον
927 635 990 712 ‹5'
1039 632 1146 710 ὅτι
1190 637 1334 720 υἱὸς
1387 643 1514 710 τοῦ
1564 645 1750 711 θεοῦ.
1836 637 1941 710 διὸ
1994 645 2334 727 μυστικῶς
2396 634 2741 726 πρότερον
2804 637 2869 708 οἱ
2930 643 3059 708 τοῦ
3118 641 3287 707 θεοῦ

666 745 1020 828 προφῆται
1067 733 1421 827 διαφόροις
1437 735 1681 810 «αὐτὸν
1725 733 2047 826 ἐδόξαζον
2090 743 2508 828 ἐπηγορίαις,
2554 737 2637 808 τὸ
2680 732 3079 826 ἀπόρρητον
3120 733 3286 808 α’πο-

669 837 1092 929 κρύπτοντες
1135 845 1244 907 καὶ
1289 845 1374 926 τῇ
1420 834 1632 912 αὐτοῦ
1673 836 1896 927 χάριτι
1952 839 2085 928 τὴν
2138 845 2230 920 εἰς
2272 836 2540 919 πάντας
2592 832 3029 924 ἀποκάλυψιν
3071 831 3286 907 αὐτοῦ

667 934 1153 1026 ταμιευόμενοι.
1257 931 1376 1008 ὅτε
1447 945 1682 1009 τοίνυν
1741 937 1913 1028 μετὰ
1972 937 2309 1022 τοσαύτας
2370 943 2515 1008 τῶν
2575 941 2863 1026 γραφῶν
2922 941 3287 1025 μαρτυρίας

599 1049 632 1103 5
670 1043 1132 1126 διισχυρίζεται
1173 1033 1578 1124 Μάρκελλος
1623 1037 1749 1110 τὸν
1791 1042 1867 1110 ἐν
1926 1035 2094 1126 άρχῇ
2140 1035 2352 1126 λόγον
2404 1043 2567 1126 πρὶν
2608 1033 2651 1125 ἢ
2695 1034 2823 1124 τὴν
2868 1030 3081 1123 σάρκα
3126 1030 3278 1106 άνα-

669 1145 900 1220 λαβεῖν
941 1141 1149 1225 μηδὲν
1195 1137 1430 1224 ἕτερον
1473 1137 1646 1209 εἶναι
1707 1133 1750 1226 ἢ
1812 1133 2026 1226 λόγον
2075 1145 2188 1207 καὶ
2231 1133 2383 1227 μηδ’
2432 1137 2641 1225 ἑτέρῳ
2684 1143 3089 1225 χρηματίσαι
3132 1129 3285 1206 ὀνό-

669 1266 857 1326 ματι,
921 1234 1084 1307 τότε
1146 1240 1216 1306 δὲ
1263 1231 1617 1324 διαφόρων
1661 1240 2051 1326 ἑπηγοριῶν
2095 1242 2529 1325 τετυχηκέναι
2590 1229 2707 1306 ὅτε
2757 1230 2831 1306 »ὁ
2878 1232 3079 1322 λόγος
3124 1233 3286 1319 σὰρξ

669 1341 1002 1425 ἐγένετοι,
1055 1334 1190 1423 πρὸ
1247 1335 1502 1408 τούτου
1543 1342 1749 1425 μηδὲν
1792 1335 2033 1425 ἕτερον
2078 1330 2251 1408 ὄντα
2294 1333 2337 1426 ἢ
2384 1331 2612 1423 λόγον,
2656 1341 2806 1416 πῶς
2850 1329 2974 1405 οὖκ
3018 1329 3285 1421 ἀμαθὴς

668 1443 779 1507 καὶ
843 1431 1167 1517 άσύνετος
1227 1441 1375 1507 τῶν
1445 1443 1664 1507 θείων
1727 1431 2046 1524 ἐλέγχοιτ’
2112 1433 2197 1506 ἂν
2260 1429 2851 1524 άναγνοοσμάτοον,·
2922 1429 3099 1505 ἀλλὰ
3160 1432 3285 1521 γὰρ

567 1543 636 1598 10
673 1534 928 1608 τούτου
971 1533 1362 1619 συστάντος,
1410 1542 1570 1623 φέρε
1615 1531 1885 1620 λοιπόν,
1932 1531 2162 1622 ὥσπερ
2207 1531 2715 1621 άναβεβιωκότα
2766 1531 2895 1604 τὸν
2939 1538 3099 1604 νέον
3152 1539 3287 1601 Σα-

670 1641 941 1720 βέλλιον
985 1635 1526 1724 ἐποπτεύσωμεν.

1932 1885 2031 1956 B‘.
3328 1898 3446 1954 102

862 2031 1051 2105 Τάδε
1098 2033 1188 2106 τὸ
1233 2033 1293 2120 β’
1339 2041 1692 2123 περιέχει
1737 2032 2193 2124 σύγγραμμα
2239 2041 2383 2126 τῆς
2426 2037 3096 2120 ὲκκλησιαστικῆς

1745 2143 2198 2223 θεολογίας.

566 2283 633 2337 15
713 2279 766 2344 α’
805 2283 961 2354 ὅπως
993 2291 1095 2358 τὴν
1131 2291 1448 2362 Σαβελλίου
1485 2291 1656 2357 δόξαν
1693 2287 1999 2346 ἀνενεοῦτο
2040 2287 2390 2361 Μάρκελλος.

711 2367 763 2444 β’
801 2367 958 2438 ὅπως
989 2375 1088 2428 καὶ
1123 2368 1444 2443 Ἰουδαΐζων
1479 2382 1548 2445 τῇ
1582 2374 1715 2442 δόξῃ
1753 2373 2109 2446 διελέγχεται.

713 2451 764 2526 γ’
804 2451 958 2520 ὅπως
1008 2455 1110 2512 τὸν
1163 2461 1337 2528 λόγον
1391 2468 1493 2516 τοῦ
1545 2463 1688 2515 θεοῦ
1739 2455 1802 2514 ἐν
1854 2466 1931 2528 τῷ
1984 2463 2105 2531 θεῷ
2150 2451 2290 2514 ὄντα
2335 2453 2591 2528 ἄναρχον
2636 2449 2782 2512 εἶναι
2832 2455 2931 2510 καὶ
2976 2451 3288 2524 ἀγέννητον

807 2537 1058 2612 ὡρίζετο.

717 2621 762 2679 δ’
799 2620 956 2690 ὅπως
991 2621 1052 2680 ἓν
1088 2627 1186 2682 καὶ
1217 2624 1426 2682 ταύτὸν
1463 2619 1608 2682 εἶναι
1641 2626 1742 2682 τὸν
1777 2627 1957 2696 λόγον
1990 2628 2089 2682 καὶ
2122 2628 2224 2682 τὸν
2258 2625 2401 2682 θεὸν
2438 2620 2645 2697 ἔλεγεν.

569 2705 638 2761 20
724 2705 767 2766 ε’
807 2705 894 2764 ὅτι
927 2718 1104 2766 ταῦτα
1141 2711 1323 2781 λέγων
1359 2713 1582 2782 ἠρνεῖτο
1618 2711 1718 2766 τὸν
1755 2708 1896 2766 υἱόν.

717 2789 758 2861 ς’
798 2788 954 2860 ὅπως
975 2795 1021 2863 ἡ
1060 2790 1326 2865 ἐκκλησία
1360 2796 1463 2851 τὸν
1499 2794 1622 2853 υἱὸν
1655 2800 1939 2866 θεολογεῖ.

717 2871 764 2946 ζ’
803 2874 959 2945 ὅπως
991 2880 1025 2947 ἦ
1063 2875 1328 2948 ἐκκλησία
1365 2882 1465 2949 τὴν
1498 2887 1604 2936 τοῦ
1639 2883 1858 2952 πατρὸς
1890 2882 2212 2953 μοναρχίαν
2248 2878 2526 2953 κηρύττει.

683 2959 788 3032 <η’>
817 2962 1039 3029 ὁποίοις
1073 2962 1316 3035 ῥήμασιν
1353 2963 1690 3035 Μάρκελλος
1725 2966 1953 3035 ἠρνεῖτο
1988 2964 2090 3021 τὸν
2128 2962 2249 3021 υἱὸν
2284 2971 2387 3019 τοῦ
2420 2968 2576 3021 θεοῦ.

717 3041 776 3103 θ’
811 3044 1039 3119 ἔλεγχος
1072 3056 1170 3116 τῆς
1203 3057 1304 3104 τοῦ
1341 3047 1548 3119 ἀνδρὸς
1581 3050 1934 3115 κακοδοξίας.

583 3130 650 3185 25
745 3128 779 3188 ι’
816 3128 904 3189 ὅτι
937 3136 1013 3203 μὴ
1053 3132 1246 3206 ὀρθῶς
1280 3131 1568 3199 ἐξεδέξατο
1604 3134 1670 3189 τὸ
1711 3130 1802 3188 »ἐν
1839 3130 1989 3204 ἀρχῇ
2023 3130 2090 3203 ἦν
2128 3132 2161 3189 ὁ
2197 3133 2417 3204 λόγοςκ.

709 3214 784 3273 ια’
823 3213 910 3274 ὅτι
945 3216 1085 3274 ποτὲ
1117 3218 1223 3287 μὲν
1259 3216 1430 3274 αὐτὸν
1467 3219 1828 3291 προφορικόν
1865 3226 1969 3273 τοῦ
2003 3222 2146 3273 θεοῦ
2181 3219 2381 3287 λόγον,
2428 3215 2567 3273 ποτὲ
2610 3216 2671 3273 δὲ
2714 3212 3041 3271 ἐνδιάθετον
3079 3212 3295 3283 ὁμοίως

819 3311 898 3377 τῷ
935 3300 996 3359 έν
1031 3299 1364 3373 ἀνθρώποις
1397 3297 1660 3372 ἔφασκεν.
1709 3306 1714 3369 Ι
3336 3305 3460 3362 108

702 3382 774 3459 ιβ’
812 3382 900 3442 ὅτι
949 3390 1026 3456 μὴ
1080 3384 1159 3453 ὼς
1211 3384 1394 3443 ἐδόκει
1431 3386 1750 3460 Μαρκέλλῳ
1804 3383 1836 3441 ὁ
1898 3384 2295 3456 εὖαγγελιστὴς
2328 3388 2429 3456 τὴν
2466 3386 2599 3456 περὶ
2632 3392 2736 3441 τοῦ
2770 3384 2945 3454 λόγου
2981 3385 3293 3455 θεολογίαν

817 3468 1064 3538 ἐξέθετο.

575 3553 646 3609 30
705 3553 777 3627 ιγ’
811 3563 1078 3625 ποσαχῶς
1113 3557 1177 3611 τὸ
1216 3556 1640 3625 σημαινόμενον
1674 3552 1738 3611 ἐκ
1773 3561 1872 3623 τῆς
1905 3562 2007 3611 τοῦ
2042 3555 2216 3624 λόγου
2254 3560 2445 3623 φωνῆς
2479 3560 2710 3610 νοεῖται.

709 3636 778 3695 ιδ’
815 3636 971 3705 ὅπως
1003 3643 1107 3712 χρὴ
1145 3639 1530 3712 διερμηνεῦειν
1561 3642 1662 3707 τὴν
1698 3636 2067 3709 εὐαγγελικὴν
2100 3641 2233 3710 περὶ
2269 3646 2371 3693 τοῦ
2405 3639 2581 3710 λόγου
2614 3638 2991 3694 διδασκαλίαν.

711 3722 776 3781 ιε’
813 3733 928 3780 τῶν
974 3723 1149 3781 αὐτοῦ
1185 3723 1528 3797 Μαρκέλλου
1577 3730 1784 3792 φωνῶν
1831 3722 2182 3793 παραθέσεις
2233 3718 2303 3777 δι’
2338 3714 2421 3778 ὧν
2457 3724 2681 3795 ἠρνεῖτο
2718 3722 2820 3777 τὸν
2852 3716 2976 3777 υἱὸν
3012 3727 3117 3776 τοῦ
3148 3722 3293 3777 θεοῦ

813 3816 1011 3879 σαφῶς
1046 3810 1408 3882 προφορικὸν
1441 3810 1616 3879 λόγον
1651 3810 1750 3863 καὶ
1785 3805 2117 3863 ἐνδιάθετον
2154 3807 2387 3877 φάσκων
2424 3802 2571 3865 εἶναι
2606 3804 2793 3863 αὐτὸν.

699 3889 765 3957 ις’
801 3888 1032 3963 ἔλεγχος
1063 3900 1161 3961 τῆς
1195 3890 1437 3965 τάνδρὸς
1471 3894 1822 3957 κακοδοξίας.

572 3974 640 4031 35
701 3972 768 4044 ιζ’
805 3974 1073 4046 ἑρμηνεία
1111 3988 1206 4045 τῆς
1243 3976 1495 4046 ἀληθοῦς
1529 3978 1784 4040 διανοίας
1819 3983 1921 4030 τοῦ
1954 3974 2145 4045 λόγου.

701 4056 772 4129 ιη’
811 4060 897 4115 διὰ
935 4063 988 4116 τί
1023 4061 1200 4131 λόγον
1237 4060 1537 4129 ὠνόμασεν
1574 4060 1675 4117 τὸν
1709 4056 1831 4115 υἱὸν
1860 4058 1891 4114 ό
1917 4056 2314 4129 εὐαγγελιστὴς
2350 4058 2669 4131 ἀρχόμενος
2706 4064 2801 4127 τῆς
2824 4054 3029 4115 ἑαυτοῦ
3054 4062 3296 4129 γραφῆς.

695 4139 776 4199 ιθ’
811 4140 967 4209 ὅπως
1004 4144 1342 4215 Μάρκελλος
1391 4144 1494 4211 τὰς
1545 4148 1676 4218 περὶ
1729 4140 1858 4209 ἑνὸς
1900 4148 2045 4199 θεοῦ
2077 4148 2176 4211 τῆς
2214 4148 2461 4209 παλαιᾶς
2504 4144 2777 4214 διαθήκης
2822 4142 3050 4215 γραφὰς
3084 4161 3297 4215 μαρτυ-

813 4230 1058 4301 ρόμενος
1094 4227 1305 4298 δμοίως
1337 4226 1624 4295 Ἰουδαίοις
1659 4227 1763 4284 τὸν
1799 4225 1924 4284 υἱὸν
1958 4236 2060 4283 τοῦ
2096 4232 2238 4284 θεοῦ
2275 4228 2514 4301 ἠρνεῖτο.

847 4380 947 4436 511’
977 4380 1088 4449 vgl.
1125 4379 1218 4433 ΝΥ.
1253 4382 1337 4435 42.
1373 4383 1455 4435 43.
1491 4382 1561 4433 44
1595 4410 1662 4418 -
1701 4380 1777 4435 25
1817 4378 1939 4434 Joh.
1978 4382 2025 4447 1,
2066 4382 2095 4432 1

851 4531 881 4584 1
940 4526 1046 4600 ὅτι]
1085 4538 1148 4593 -ὒ-
1187 4530 1258 4586 d?
1323 4533 1332 4598 fl
1403 4530 1475 4585 12
1523 4527 1584 4584 B·
1623 4548 1721 4585 vor
1755 4529 1805 4583 S.
1843 4532 1925 4593 99,
1962 4533 1995 4586 9
2050 4529 2109 4583 in
2146 4531 2195 4583 V
2260 4532 2268 4598 Ι
2336 4531 2408 4585 21
2467 4528 2589 4587 υἱὸν
2646 4530 2715 4584 Κ]
2771 4530 2883 4600 vgl.
2932 4527 2983 4583 S.
3022 4532 3137 4597 103,
3174 4530 3301 4585 ΠΒ,

678 4630 820 4687 θεὸν
861 4632 904 4684 V
971 4634 979 4699 Ι
1045 4632 1168 4687 281
1215 4628 1263 4701 η’
1301 4650 1352 4685 u.
1389 4628 1446 4686 θ’
1483 4650 1538 4685 m
1574 4625 1630 4687 θ’
1677 4633 1814 4685 skatt
1852 4629 1903 4699 η’
1940 4633 1989 4685 V
