3694 5582
725 521 842 584 156
1902 513 2171 572 Eusebius

721 683 831 746 καὶ
877 673 1104 764 ὥσπερ
1149 681 1222 748 ἐν
1259 675 1504 802 εἰκόνιῖ
1531 676 1777 750 ἑαυτὸν
1835 673 2399 766 ἐνοπτριζόμενος
2458 679 2532 748 ἐν
2592 672 2809 766 αὐτῷ·
2884 671 2989 748 διό
3054 699 3250 764 φησιν
3290 674 3353 766 ἦ

723 784 931 862 σοφία
997 779 1166 866 »ἐγώ
1229 775 1404 867 ἤμην
1463 771 1504 866 ᾗ
1565 785 2010 866 προσέχαιρεν
2071 774 2229 850 καθ’
2256 773 2607 880 ἦμέρανι.
2694 773 2869 850 ἀλλὰ
2926 784 3037 848 καὶ
3098 772 3137 848 ὅ
3194 777 3329 896 υἱὸς

723 871 1141 998 ευφροσύνης
1195 881 1580 967 ἐπληροῦτο
1643 877 2015 968 γανύμενος
2074 882 2184 948 ἐπὶ
2246 883 2331 966 τῇ
2392 882 2519 948 τοῦ
2578 874 2841 966 πατρὸς
2900 881 3057 968 θέᾳ·
3126 881 3325 950 τοῦτο

722 981 890 1063 γοῦν
931 970 1138 1058 αὐτὸς
1182 974 1472 1049 διδάσκει
1519 985 1741 1068 λέγων
1775 973 2285 1068 »ηυφραινόμην
2329 981 2399 1047 δὲ
2444 975 2747 1048 ἐνώπιον
2776 973 2989 1048 αὐτοῦ
3030 980 3103 1048 ἐν
3130 986 3329 1048 παντὶ

652 1088 684 1140 5
717 1083 966 1165 καιρῷ,
1011 1069 1129 1147 ὅτε
1175 1073 1588 1166 ηυφραίνετο
1635 1077 1766 1168 τὴν
1811 1084 2217 1167 οἰκουμένην
2259 1082 2728 1160 συντελέσαςο,
2792 1082 3183 1166 οἰκουμένης
3236 1081 3419 1148 ἐν-58

721 1181 950 1246 ταῦθα
993 1184 1363 1267 νοουμένης
1406 1185 1531 1298 τῆς
1573 1185 1722 1248 τῶν
1763 1186 2073 1267 γενητῶν
2112 1174 2449 1248 ἁπάντων
2504 1175 3091 1266 συμπληρώξσεως,
3148 1170 3221 1266 ἧς
3261 1181 3331 1248 ἐκ
3364 1182 3463 1238 166

724 1283 848 1347 τοῦ
889 1275 979 1366 μὴ
1025 1269 1233 1360 ὄντος
1276 1282 1370 1359 εἰς
1414 1276 1496 1349 τὸ
1543 1279 1714 1350 εἶναι
1756 1277 1865 1350 διὰ
1908 1285 2037 1350 τοῦ
2080 1282 2230 1349 υἱοῦ
2256 1281 2725 1365 προαγομένης
2758 1272 2795 1348 ὁ
2831 1283 2978 1347 τῶν
3008 1272 3333 1349 ἁπάντων

725 1371 1140 1465 ηὐφραίνετο
1185 1373 1364 1459 θεός.
1448 1373 1487 1449 6
1529 1384 1655 1464 μὲν
1697 1371 1824 1450 οῦν
1867 1373 2133 1467 ἇληθὴς
2185 1374 2417 1465 λόγος,
2482 1372 2579 1458 ὥς
2638 1380 2714 1447 ἐν
2762 1383 3073 1466 βραχέσιν
3116 1383 3225 1446 καὶ
3264 1381 3334 1447 ἐν

722 1474 1028 1565 ἐπιτόμῳ
1076 1473 1372 1566 διηγήσει
1413 1474 1913 1567 παριστάμενος
1956 1483 2030 1550 ἐκ
2085 1482 2206 1565 τῆς
2266 1485 2459 1559 θείας
2511 1482 2800 1566 γραφῆς,
2865 1474 3181 1560 τοιοῦτός
3238 1507 3335 1560 τις

618 1589 688 1642 10
725 1573 810 1646 ἂν
853 1581 972 1665 εἴη.
1059 1571 1098 1647 ὁ
1160 1573 1228 1647 δ’
1272 1576 1553 1648 ἄνωθεν
1607 1575 1800 1650 κάτω
1847 1573 2225 1665 φερόμενος
2276 1579 2387 1646 ἐπὶ
2430 1574 2560 1664 τὴν
2604 1573 2819 1664 σάρκα
2861 1583 2991 1648 τοῦ
3034 1583 3335 1666 σωτῆρος

726 1671 922 1762 ἡμῶν
965 1675 1092 1764 τὴν
1143 1673 1452 1750 διάνοιαν
1511 1678 1871 1764 ἐξώκειλεν
1930 1682 2393 1766 παρατρέπων
2453 1683 2566 1745 καὶ
2624 1674 3160 1765 παρερμηνεύων
3217 1674 3336 1746 τὸν

726 1772 951 1865 ἀληθῆ
997 1781 1163 1847 νοῦν
1203 1781 1326 1864 τῆς
1368 1777 1841 1849 θεοπνεύστου
1884 1784 2162 1868 γραφῆς.
2249 1771 2423 1850 ἄλλα
2484 1781 2595 1846 καὶ
2646 1779 2757 1846 ἐπὶ
2810 1773 2937 1847 τὸν
2980 1772 3194 1865 λόγον
3232 1804 3333 1865 με·
3362 1780 3422 1834 59

724 1873 932 1957 ταβάς
977 1872 1192 1948 αὐτὸν
1235 1877 1409 1948 εἶναί
1461 1903 1665 1965 φησιν
1719 1874 1846 1948 τὸν
1892 1880 2091 1949 ἔνδον
2144 1881 2218 1949 ἐν
2273 1883 2375 1966 τῷ
2420 1881 2629 1962 πατρὶ
2672 1873 2772 1958 ὥς
2813 1880 2888 1946 ἐν
2930 1881 3333 1966 διαλογισμῷ

723 1983 835 2046 καὶ
876 1973 1236 2066 ἐνθυμήσει
1281 1973 1408 2048 τὸν
1451 1972 1747 2065 οὖρανόν
1791 1972 2227 2064 ἧτοιμακότα.
2300 1979 2529 2065 ἔλεγεν
2560 1981 2725 2064 γοῦν
2754 1972 2987 2058 αὐτοῖς
3026 1974 3335 2066 ῥήμασιν·
3364 1981 3427 2035 60

623 2091 688 2143 15
850 2079 986 2161 (Nr.
1032 2082 1136 2163 54)
1181 2073 1317 2164 πρὸ
1362 2075 1488 2165 γὰρ
1533 2083 1658 2148 τοῦ
1702 2074 1832 2148 τὸν
1875 2071 2131 2164 κόσμον
2158 2081 2439 2166 ποιῆσαι
2467 2066 2555 2163 ἦν
2582 2070 2621 2146 6
2652 2069 2855 2165 λόγος
2882 2079 2959 2146 ἐν
2990 2082 3091 2164 τῷ
3123 2083 3337 2164 πατρί.

848 2169 966 2246 ὅτε
1030 2180 1101 2246 δὲ
1161 2171 1200 2247 ὁ
1253 2173 1760 2264 παντοκράτωρ
1811 2173 1979 2258 θεὸς
2030 2172 2261 2248 πάντα
2315 2174 2401 2247 τὰ
2454 2179 2529 2246 ἐν
2589 2171 2904 2263 οὐρανοῖς
2954 2181 3062 2246 καὶ
3108 2173 3193 2247 τὰ
3236 2179 3337 2247 ἐπὶ

847 2280 969 2365 τῆς
1013 2281 1133 2365 γῆς
1175 2282 1453 2365 ποιῆσαι
1493 2283 1867 2364 προέθετο,
1914 2278 2247 2364 ἐνεργείας
2290 2271 2331 2365 ἦ
2376 2280 2505 2347 τοῦ
2544 2271 2803 2365 κόσμου
2830 2282 3085 2365 γένεσις
3128 2279 3338 2346 ἐδεῖτο

848 2379 1230 2464 δραστικῆς·
1317 2381 1428 2446 καὶ
1501 2375 1610 2447 διὰ
1682 2381 1923 2458 τοῦτο,
1993 2373 2281 2465 μηδενὸς
2353 2367 2557 2458 ὄντος
2626 2376 2862 2464 ἑτέρου
2929 2374 3116 2464 πλὴν
3175 2381 3339 2447 θεοῦ

847 2471 1100 2562 (πάντα
1163 2475 1288 2562 γὰρ
1351 2470 1778 2565 ὁμολογεῖται
1837 2471 1953 2546 ὑπ’
2015 2470 2227 2546 αὐτοῦ
2284 2481 2743 2563 γεγενῆσθαι),
2817 2470 2977 2545 τότε
3040 2472 3077 2547 ὁ
3145 2472 3340 2564 λόγος

615 2592 689 2646 20
846 2574 1219 2661 προελθών
1262 2577 1522 2664 ἐγίνετο
1565 2574 1861 2664 ποιητὴς
1904 2581 2031 2646 τοῦ
2072 2571 2360 2663 κόσμου,
2422 2569 2527 2662 <δ>
2588 2580 2701 2644 καὶ
2752 2571 3093 2663 πρότερον
3148 2577 3339 2646 ἔνδον

849 2680 1120 2761 νοητῶς
1163 2672 1543 2762 ἓτοιμάζων
1587 2670 1820 2758 αὐτόν,
1868 2671 1965 2757 ὥς
2007 2672 2298 2746 διδάσκει
2342 2670 2514 2763 ἡμᾶς
2542 2669 2581 2746 ὁ
2612 2671 2973 2764 προφήτης
3000 2676 3340 2765 Σολομὼν

856 2768 1089 2861 »ἡνίκα
1135 2768 1496 2863 ἦτοίμαζεν
1538 2773 1666 2847 τὸν
1710 2770 2026 2863 οὐρανόν,
2073 2771 2519 2864 συμπαρὴμην
2562 2770 2788 2864 αὐτῷ(
2839 2781 3078 2864 λέγων.

725 2878 798 2943 ἐν
852 2872 956 2956 οἷς
1014 2870 1336 2961 προσήκει
1397 2878 1891 2963 ἐπισκέψασθαι
1952 2882 2113 2947 τίνα
2172 2870 2441 2962 τρόπον
2501 2878 2974 2964 ἐθελοκωφῶν
3034 2882 3165 2947 τοῦ
3222 2881 3341 2966 μὲν
3370 2886 3429 2939 61

731 2969 1246 3061 »συμπαρήμηνι
1295 3001 1420 3043 ουκ
1465 2970 1712 3057 ἀκούει,
1761 2968 1798 3045 3
1843 2978 2146 3064 σημαίνει
2190 2971 2561 3063 διαρρήδην
2602 2983 2980 3063 παρουσίαν
3023 2982 3157 3048 τοῦ
3192 2980 3342 3048 υἱοῦ

620 3092 690 3147 25
726 3071 914 3160 <σύν>
933 3078 1035 3161 τῷ
1045 3080 1294 3193 wal,
1323 3071 1780 3160 ἀποφαίνεται
1810 3079 1881 3145 δὲ
1914 3080 1999 3193 τῆ
2028 3102 2253 3163 γραφη
2223 3078 2603 3155 ’ἐναντίως
2632 3079 2881 3163 μηδένα
2912 3075 3084 3145 εἶναι
3117 3077 3345 3162 ἕτερον

725 3171 908 3261 πλὴν
950 3178 1076 3244 τοῦ
1118 3179 1290 3244 θεοῦ
1331 3179 1496 3261 πρὶν
1538 3181 1853 3259 γενέσθαι
1908 3172 1994 3246 τὰ
2040 3171 2386 3264 γενόμενα·
2447 3180 2559 3245 καὶ
2605 3202 2729 3245 ουκ
2773 3174 3046 3262 ἔφριξεν
3092 3172 3347 3295 ταύτην

725 3268 918 3357 ἀφεὶς
962 3270 1091 3359 τὴν
1129 3269 1393 3361 φωνήν,
1439 3268 1806 3362 ἀρνητικὴν
1835 3266 2048 3346 οὖσαν
2080 3278 2207 3343 τοῦ
2248 3276 2420 3357 υἱοῦ,
2466 3268 2621 3345 οὐδὲ
2666 3272 2794 3363 τὴν
2834 3282 3035 3345 θείαν
3081 3272 3347 3397 γραφῆν

725 3368 1140 3460 ἐδυσωπὴθη
1185 3378 1656 3460 μαρτυροῦσαν
1698 3370 1834 3460 πρὸ
1878 3378 2003 3461 τῆς
2045 3378 2174 3445 τοῦ
2214 3367 2509 3463 ουρανοῦ
2550 3380 2835 3455 κτίσεως
2878 3369 3097 3462 μόνον
3138 3370 3349 3445 αὐτὸν

728 3488 1174 3559 συμπαρεῖναι
1218 3478 1320 3560 τῷ
1364 3480 1590 3560 πατρί.
1679 3467 1951 3562 »ἦνίκασ
2000 3469 2126 3562 γάρ
2172 3494 2380 3562 φησιν
2428 3468 2827 3561 »ἧτοίμαζεν
2858 3471 2985 3543 τὸν
3028 3469 3341 3563 οὐρανόν,

622 3594 692 3648 30
727 3567 1175 3659 συμπαρὴμην
1221 3568 1470 3661 αῦτῷι.
1557 3568 1598 3660 ἦ
1659 3570 1785 3661 γὰρ
1829 3572 1951 3643 σὺν
2004 3568 2329 3659 πρόθεσις
2390 3579 2493 3661 τῷ
2546 3589 2857 3661 παρεῖναι
2898 3578 3345 3662 προσκειμένη
3378 3578 3440 3633 62

729 3669 858 3760 τὴν
907 3669 1082 3743 κατὰ
1145 3668 1228 3741 τὸ
1289 3666 1460 3743 αυτὸ
1522 3671 1644 3743 σὺν
1704 3673 1917 3761 ἑτέρῳ
1983 3677 2365 3759 παρουσίαν
2424 3680 2637 3758 δηλοῖ.
2740 3669 2862 3761 οὐχ
2920 3668 3166 3756 απλῶς
3226 3664 3349 3743 οὖν

727 3787 1070 3859 παρεῖναι,
1135 3766 1308 3842 αλλὰ
1369 3789 1807 3861 συμπαρεῖναι
1870 3768 2115 3843 ἑαυτὸν
2175 3777 2277 3860 τῷ
2336 3778 2546 3858 πατρὶ
2606 3768 2915 3843 διδάσκει.
3000 3776 3113 3846 82*
3156 3778 3269 3844 καὶ
3313 3764 3350 3842 6

727 3870 955 3958 πατὴρ
997 3875 1070 3941 δὲ
1113 3898 1236 3959 ουχ
1289 3866 1530 3953 απλῶς
1591 3874 1881 3959 ἔχαιρεν,
1942 3866 2119 3941 αλλὰ
2178 3876 2623 3959 προσέχαιρεν
2682 3878 2767 3960 τῇ
2826 3879 3167 3963 παρουσίᾳ
3226 3877 3351 3943 τοῦ

727 3973 906 4041 υἱοῦ·
968 3965 1072 4041 διό
1119 3992 1325 4058 φησιν
1391 3972 1558 4058 »ἐγώ
1605 3968 1782 4059 ἤμην
1825 3963 1867 4059 ᾖ
1912 3977 2350 4059 προσέχαιρεν
2392 3966 2552 4040 καθ’
2595 3965 2905 4061 ἦμέρανι.
2992 3970 3075 4043 τὸ
3122 3977 3197 4042 δὲ
3238 3977 3349 4042 καὶ
3382 3982 3445 4037 63

627 4090 694 4143 35
731 4066 1213 4157 εὐφραίνεσθαι
1255 4066 1470 4141 αὐτὸν
1513 4068 1813 4142 ἐνώπιον
1858 4073 1985 4141 τοῦ
2035 4069 2297 4158 πατρὸς
2339 4074 2493 4151 πῶς
2538 4066 2623 4141 ἶὶν
2666 4066 3018 4159 άρμόσειεν
3058 4070 3151 4160 μὴ
3194 4067 3349 4158 ῦφε·

903 4292 938 4346 2
977 4289 1137 4345 Prov,
1172 4292 1222 4357 8,
1257 4291 1325 4347 30
1358 4318 1426 4329 --
1461 4290 1500 4346 4
1535 4290 1694 4345 Prov.
1728 4292 1778 4353 8,
1813 4290 1899 4345 30.
1935 4292 1999 4345 31
2036 4320 2103 4329 —
2140 4289 2218 4345 22
2258 4289 2416 4345 Prov.
2452 4288 2503 4354 8,
2538 4290 2604 4345 27
2640 4320 2707 4329 —
2750 4288 2873 4345 251
2900 4290 3013 4361 vgl.
3052 4290 3146 4345 Nr.
3166 4294 3250 4348 54.
3268 4292 3351 4348 92.

735 4393 834 4448 108
867 4421 934 4430 —
972 4392 1050 4447 29
1086 4391 1247 4445 Prov.
1283 4392 1334 4457 8,
1369 4392 1436 4446 27
1471 4422 1538 4431 —
1575 4391 1654 4447 34
1690 4390 1851 4447 Prov.
1886 4392 1936 4457 8,
1972 4392 2040 4447 30

909 4593 982 4647 12
1035 4588 1348 4662 ἀληθινοῦν
1399 4597 1500 4661 τῆς
1533 4593 1642 4655 V*,
1695 4608 1832 4649 corr.
1869 4592 1971 4656 V²;
2006 4591 2119 4661 vgl.
2156 4592 2207 4647 S.
2244 4594 2361 4660 141,
2398 4596 2462 4648 31
2528 4594 2539 4661 Ι
2604 4592 2681 4649 15
2734 4594 2987 4664 ποιῆσαι]
3024 4588 3174 4651 εἶναι
3228 4593 3353 4649 and.

735 4696 810 4747 St.
879 4697 886 4762 Ι
955 4694 1031 4751 2⁰
1067 4694 1099 4751 ὁ
1139 4694 1265 4749 and.
1302 4694 1378 4750 St.
1433 4696 1443 4764 Ι
1508 4695 1588 4751 24
1625 4690 1688 4760 ὃς
1723 4736 1735 4749 .
1777 4734 1788 4746 .
1827 4736 1838 4749 .
1876 4700 1955 4765 τῷ
1990 4690 2093 4765 υἱῷ
2130 4692 2231 4759 V*,
2269 4710 2405 4749 corr.
2442 4693 2520 4747 V²
2548 4696 2557 4763 Ι
2589 4695 2667 4751 25
2706 4692 2807 4751 σὺν
2830 4696 2981 4751 Zahn
3014 4696 3128 4765 vgl.
3165 4694 3220 4751 Z.
3257 4692 3363 4751 301·
