3694 5582
689 481 769 543 96
1874 472 2139 528 Eusebius

854 633 1000 724 <λ’.>
1067 643 1180 706 καὶ
1227 641 1294 705 τί
1333 662 1413 722 με
1467 639 1570 704 δεῖ
1616 629 1776 706 καθ’
1823 625 2113 706 ἕκαστον
2166 629 2640 722 ἀναλέγεσθαι,
2702 631 2929 722 παρὸν
2974 641 3077 724 τῷ
3122 645 3311 722 φιλο-

687 743 898 823 μαθετ
939 731 1024 804 τὰ
1069 741 1360 806 τοιαῦτα
1406 731 1719 822 συνάγειν
1761 737 1832 819 ἐξ
1876 729 2143 822 ἀπάσης
2188 739 2311 822 τῆς
2354 732 2822 806 θεοπνεύστου
2865 741 3160 824 γραφῆς,
3214 730 3305 804 δι’

689 826 767 924 ἦς
811 842 1180 921 φαίνονται
1224 835 1288 905 οἱ
1331 839 1460 905 τοῦ
1501 839 1673 904 θεοῦ
1717 832 2083 916 ἄνθρωποι
2126 839 2233 923 τῷ
2276 841 2444 923 θείῳ
2472 833 2809 923 πνεύματι
2840 840 3311 921 φωτισθέντες

689 933 820 1024 τὴν
863 940 989 1005 τοῦ
1029 938 1442 1022 μονογενοῦς
1489 936 1640 1003 υἱοῦ
1685 938 1810 1004 τοῦ
1854 937 2025 1004 θεοῦ
2076 940 2358 1020 γνῶσιν,
2420 929 2815 1023 ἀπόρρητον
2876 926 3089 1004 οὖσαν
3150 931 3312 1006 τότε

619 1047 651 1100 5
685 1041 797 1105 καὶ
859 1032 947 1105 τὰ
1011 1031 1248 1122 πλήθη
1311 1029 1907 1104 διαλανθάνουσαν
1972 1039 2099 1104 τοῦ
2140 1029 2500 1105 Ἰουδαίων
2562 1039 2748 1104 λαοῦ.
2836 1018 2972 1106 διὸ
3000 1040 3113 1104 καὶ
3174 1039 3311 1104 δια-

687 1129 922 1220 φόρως
983 1129 1198 1204 αὐτὸν
1257 1131 1655 1219 ἐξεφῶνουν
1715 1139 2245 1220 κεκαλυμμέναις
2306 1151 2453 1218 ταῖς
2510 1137 2918 1222 ὲπηγορίαις.
3022 1129 3309 1220 ἐφυλάτ·

686 1261 848 1304 τετο
911 1231 1034 1322 γὰρ
1097 1239 1182 1320 τῇ
1243 1230 1458 1304 αὐτοῦ
1517 1238 1853 1322 παρουσία
1912 1261 1953 1320 η
2016 1229 2208 1322 χάρις
2280 1239 2405 1302 τοῦ
2470 1231 2897 1322 κηρύγματος
2966 1239 3090 1323 τῆς
3158 1239 3307 1322 περὶ

687 1329 900 1404 αὐτοῦ
951 1339 1346 1421 θεολογίας,
1411 1328 1498 1420 ἣν
1557 1327 1718 1403 καθ’
1773 1324 1935 1420 ὅλης
1990 1337 2112 1420 τῆς
2158 1336 2551 1421 οἰκουμένης
2594 1327 2633 1420 ἦ
2696 1327 2912 1404 αὐτοῦ
2969 1337 3305 1422 ὲκκλησια,

689 1430 916 1518 ῶσπερ
979 1461 1046 1502 τι
1099 1429 1312 1504 πάλαι
1371 1429 1664 1519 κρύφιον
1723 1439 1835 1501 καὶ
1897 1436 2331 1520 σεσιγημένου
2390 1428 2764 1520 μυστήριον
2822 1439 3306 1518 παραλαβοῦσα

585 1541 653 1594 10
687 1529 1100 1621 σεμνύνεται.
1213 1536 1425 1602 τοῦτο
1497 1536 1662 1618 γοῦν
1731 1537 1844 1601 καὶ
1914 1525 1953 1601 6
2024 1541 2213 1612 θεῖος
2280 1526 2665 1613 ἀπόστολος
2726 1526 3021 1603 διδάσκει
3080 1537 3305 1620 λέγων
3338 1545 3410 1602 88

640 1683 648 1696 .
691 1629 902 1702 »κατὰ
929 1628 1528 1752 thwlxovouiiig
1563 1636 1690 1701 τοῦ
1732 1636 1901 1700 θεοῦ
1944 1628 2076 1718 τὴν
2120 1625 2442 1701 δοθεῖσάν
2480 1657 2599 1718 μοι
2628 1636 2721 1712 εἰς
2750 1625 2920 1717 ὑμᾶς
2946 1638 3305 1720 πληρῶσαι

689 1729 814 1802 τὸν
868 1729 1078 1819 λόγον
1139 1736 1266 1802 τοῦ
1325 1737 1521 1814 θεοῦ,
1583 1725 1666 1800 τὸ
1726 1727 2100 1818 μυστήριον
2159 1728 2241 1800 τὸ
2304 1724 2900 1819 ἀποκεκρυμμένον
2960 1726 3098 1801 ἀπὸ
3160 1737 3309 1801 τῶν

687 1830 969 1902 αἰώνων
1003 1837 1116 1900 καὶ
1146 1826 1284 1902 ἀπὸ
1315 1836 1464 1900 τῶν
1493 1835 1749 1916 γενεῶν
1779 1871 1857 1880 -
1892 1835 2040 1899 νυνὶ
2086 1832 2157 1898 δὲ
2186 1828 2595 1919 ἐφανερώθη
2628 1849 2774 1912 τοῖς
2816 1825 3032 1919 ἁγίοις
3075 1826 3304 1915 αύτοῦ,

687 1929 790 2012 οἷς
832 1926 1170 2020 ἠθέλησεν
1213 1924 1252 2000 6
1297 1928 1460 2012 θεὸς
1503 1937 1857 2046 γνωρίσαι
1878 1937 1947 1998 τί
2000 1926 2082 1998 τὸ
2128 1934 2430 2011 πλοῦτος
2486 1935 2607 2016 τῆς
2650 1926 2849 2019 δόξης
2893 1936 3022 2002 τοῦ
3062 1953 3305 2018 μυστη-

587 2038 652 2090 15
688 2035 840 2117 ρίου
886 2029 1141 2102 τούτου
1184 2033 1258 2102 ἐν
1301 2047 1448 2110 τοῖς
1493 2031 1785 2110 ἔθνεσιν.
1831 2019 1907 2110 ός
1950 2030 2134 2097 ἐστιν
2180 2025 2473 2118 Χριστὸς
2526 2031 2601 2097 ἐν
2642 2027 2817 2118 ὑμῖν.
2866 2025 2906 2118 ἡ
2950 2034 3137 2112 ἐλπὶς
3182 2035 3304 2119 τῆς

688 2124 1016 2217 δόξηςι.
933 2169 988 2214 .s
1032 2123 1194 2222 ὁρᾷς
1238 2123 1431 2210 ὅπως
1490 2125 1861 2216 μυστήριον
1926 2119 2010 2216 ἦν
2068 2125 2669 2216 ἀποκεκρυμμενον
2721 2125 3089 2218 πρότερον,
3152 2135 3299 2200 νυνὶ

688 2233 759 2298 δὲ
801 2233 1212 2318 φανερωθὲν
1255 2222 1294 2298 6
1338 2224 1486 2309 υἱὸς
1531 2233 1657 2299 τοῦ
1699 2232 1883 2298 θεοῦ.
1968 2223 2205 2311 διόπερ
2268 2230 2332 2298 οἱ
2382 2232 2507 2315 μὲν
2560 2233 2687 2298 τοῦ
2736 2234 2911 2298 θεοῦ
2950 2233 3301 2318 προφῆται
3334 2232 3405 2288 89

686 2334 790 2416 τῷ
849 2334 1262 2417 προφητικῷ
1323 2325 1653 2415 πνεύματι
1713 2333 2057 2414 μυστικῶς
2118 2322 2331 2398 αὐτὸν
2391 2323 2837 2415 ἐθεολόγουν,
2908 2333 3019 2400 61¹·
3086 2326 3169 2398 τὸ
3232 2333 3303 2398 δὲ

683 2431 958 2516 πλῆθος
1001 2433 1130 2498 τοῦ
1171 2422 1510 2498 Ἰουδαίων
1555 2430 1800 2506 ἔθνους
1854 2430 1927 2498 ἐν
1984 2421 2223 2517 ἀγνοίᾳ
2267 2425 2633 2514 ἐτύγχανεν
2678 2433 2803 2496 τοῦ
2844 2433 3303 2516 κεκρυμμένου

581 2533 651 2588 20
683 2533 1068 2615 μυστηρίου.
1155 2519 1324 2597 ὅθεν
1367 2525 1538 2596 θεὸν
1579 2531 1703 2613 μὲν
1747 2523 2132 2597 ἐδιδάσκετο
2180 2526 2294 2595 ἕνα
2348 2531 2593 2596 εἰδέναι
2654 2524 2765 2596 διὰ
2828 2524 2911 2597 τὸ
2964 2533 3051 2615 τῇ
3092 2536 3299 2597 πολυ-

685 2631 831 2714 θέῳ
869 2623 1099 2713 πλάνῃ
1145 2632 1439 2713 συνεχῶς
1483 2621 1961 2712 ύποσύρεσθαι,
2004 2631 2266 2712 πατέρα
2311 2628 2383 2695 δὲ
2428 2618 2597 2696 ὄντα
2640 2623 2769 2696 τὸν
2796 2623 2969 2698 θεὸν
2996 2629 3147 2696 υἱοῦ
3176 2631 3302 2696 τοῦ

685 2730 1096 2816 μονογενοῦς
1140 2720 1392 2814 ἠγνόει·
1439 2730 1650 2797 τοῦτο
1695 2723 1822 2813 γὰρ
1866 2719 2291 2847 ἐφυλάττετο
2338 2731 2422 2813 τῇ
2476 2728 2545 2811 ἐξ
2580 2728 2813 2797 ἐθνῶν
2860 2729 3173 2818 ἐκκλησία
3218 2723 3299 2797 τὸ

684 2820 1078 2914 μυστήριον,
1140 2822 1290 2895 κατ’
1347 2831 1690 2913 ἐξαίρετον
1731 2822 1929 2914 χάριν
1972 2820 2145 2913 αὐτῇ
2187 2830 2687 2915 δεδωρημένον,
2746 2834 2755 2913 Ι
2811 2830 2885 2897 ἐν
2939 2822 3126 2915 αύτῷ
3174 2824 3299 2915 γάρ
3334 2832 3579 2905 901100

686 2930 852 2995 εἰσιν
911 2922 1088 2995 κατὰ
1149 2922 1276 2995 τὸν
1334 2920 1732 2996 ἀπόστολον
1811 2920 2100 3006 »πάντες
2168 2926 2231 2996 οἱ
2300 2930 2633 3013 θησαυροὶ
2698 2931 2819 3015 τῆς
2880 2934 3124 3013 σοφίας
3184 2933 3295 2997 καὶ

582 3030 649 3084 25
685 3022 1005 3112 γνωσεως
1047 3018 1498 3111 ἀπόκρυφοιι.
1579 3020 1756 3096 ἀλλὰ
1801 3023 1925 3111 γὰρ
1970 3024 2081 3095 διὰ
2124 3022 2483 3096 τοσούτων
2526 3019 2564 3095 6
2608 3032 2733 3095 τοῦ
2776 3030 2947 3097 θεοῦ
2989 3022 3209 3113 λόγος,
3256 3024 3293 3095 6

689 3128 800 3195 »ἐν
841 3120 1012 3211 ἀρχῇ
1053 3120 1226 3211 πρὸς
1271 3121 1398 3195 τὸν
1441 3120 1681 3197 θεόνι.
1745 3119 1828 3193 ού
1869 3119 2083 3210 μόνον
2126 3121 2329 3213 λόγος
2372 3130 2806 3213 κεκλημένος,
2856 3120 2952 3207 ῶς
2996 3122 3298 3212 Μάρκελ-

683 3234 806 3305 λος
865 3227 1104 3307 οἴεται,
1169 3218 1563 3312 ἀπεδείχθη,
1627 3220 1802 3295 ἀλλὰ
1862 3230 1973 3294 καὶ
2032 3220 2177 3304 υίὸς
2234 3230 2345 3293 καὶ
2406 3222 2777 3312 μονογενὴς
2828 3229 2939 3295 καὶ
2994 3230 3145 3310 φῶς
3186 3228 3299 3293 καὶ

685 3320 893 3411 ἄρτος
944 3330 1056 3392 καὶ
1096 3318 1345 3412 Ἰησοῦς
1403 3330 1514 3393 καὶ
1561 3321 1855 3409 Χριστὸς
1913 3329 2026 3393 καὶ
2087 3319 2317 3407 κύριος
2367 3328 2477 3391 καὶ
2540 3320 2874 3411 ἀρχιερεὺς
2922 3329 3035 3392 καὶ
3090 3318 3299 3395 ἀπαύ-

685 3444 900 3511 γασμα
941 3428 1054 3492 καὶ
1094 3421 1438 3511 χαρακτὴρ
1481 3428 1594 3493 καὶ
1639 3422 1843 3492 εἰκῶν
1896 3428 2009 3491 καὶ
2060 3416 2514 3509 πρωτότοκος
2572 3418 2793 3510 πάσης
2852 3427 3135 3504 κτίσεως
3189 3427 3300 3492 καὶ

581 3524 651 3579 30
684 3519 865 3641 πηγὴ
911 3526 1090 3609 ζωῆς
1130 3529 1242 3591 καὶ
1286 3518 1574 3611 ἀλήθεια
1612 3526 1722 3591 καὶ
1752 3518 2063 3607 ποταμὸς
2104 3526 2214 3590 καὶ
2245 3520 2635 3609 δικαιοσύνη
2664 3527 2775 3592 καὶ
2820 3516 3010 3610 ἥλιος
3052 3525 3299 3592 δικαιο-

685 3619 888 3709 σύνης
928 3628 1041 3691 καὶ
1085 3628 1294 3707 σοφία
1335 3628 1448 3691 καὶ
1492 3618 1700 3707 ξύλον
1745 3626 1922 3707 ζωῆς
1974 3627 2086 3691 καὶ
2136 3618 2371 3707 κύριος
2422 3627 2534 3690 καὶ
2588 3618 2753 3703 θεὸς
2794 3626 2905 3689 καὶ
2949 3618 3299 3709 ἀγαπητὸς

683 3726 794 3789 καὶ
853 3720 1064 3809 ἱερεὺς
1121 3729 1234 3791 καὶ
1289 3728 1586 3809 βραχίων
1645 3726 1756 3791 καὶ
1818 3717 2207 3807 δικαιοσύνη
2267 3727 2377 3788 καὶ
2438 3716 2839 3807 σωτήριον.ι“ι’
2899 3726 3011 3789 καὶ
3068 3716 3300 3791 πάντα

685 3827 904 3891 ταῦτα
947 3848 1050 3891 ων
1092 3824 1204 3889 καὶ
1253 3816 1721 3907 προῦπάρχων
1781 3824 1904 3907 τῆς
1964 3817 2210 3907 σαρκὸς
2262 3816 2686 3907 ὠνομάζετο,
2752 3817 2849 3900 ῶς
2898 3822 2967 3889 αἱ
3009 3846 3296 3907 παρατε-

683 3930 908 3990 θεῖσαι
968 3925 1218 4006 γραφαὶ
1271 3918 1749 4008 δεδηλῶκασιν.
1835 3925 1973 3990 τίνι
2026 3925 2259 3989 τοίνυν
2302 3915 2487 4007 λόγῳ
2532 3924 2750 3989 ταῦτα
2792 3914 3021 3989 πάντα
3063 3925 3297 4005 παρεὶς
3332 3930 3403 3983 91

581 4022 648 4075 35
685 4015 1086 4107 Μάρκελλος
1125 4023 1240 4105 ,ἐπὶ
1284 4014 1500 4106 μόνου
1543 4024 1670 4089 τοῦ
1714 4014 1924 4105 λόγου
1966 4020 2260 4101 ἱσταται,
2316 4013 2399 4088 06
2450 4022 2819 4100 διαβαίνων
2868 4024 2992 4105 μὲν
3034 4022 3143 4087 καὶ
3188 4020 3297 4089 ἐπὶ

686 4116 810 4199 τὰς
856 4116 1102 4200 λοιπὰς
1147 4122 1550 4207 ἐπωνυμίας,
1596 4114 1812 4205 μόνον
1856 4122 1928 4187 δὲ
1971 4113 2180 4204 λόγον
2224 4111 2437 4186 αὐτὸν
2466 4118 2634 4187 εἶναι
2664 4114 2950 4203 φάσκων
2978 4122 3105 4188 τοῦ
3132 4122 3300 4187 θεοῦ

857 4286 931 4343 11
970 4276 1518 4364 Κᾳῖ.“1,,25-2τ’-
1555 4287 1634 4343 24
1675 4286 1793 4341 Kol.
1831 4288 1880 4353 2,
1918 4289 1949 4340 3
1984 4316 2052 4324 —
2098 4286 2177 4341 2⁶
2212 4286 2334 4341 soh.
2372 4290 2419 4351 1,
2456 4290 2485 4341 1
2540 4316 2606 4327 -
2656 4288 2769 4357 vgl.
2805 4286 2898 4341 Νι.
2934 4289 3003 4341 44
3054 4316 3119 4325 —
3172 4286 3309 4344 3611·

683 4390 794 4460 vgl.
832 4388 926 4446 Νι.
961 4391 1030 4445 36
1062 4406 1116 4443 u.
1153 4394 1201 4442 ὃ.
1237 4390 1318 4445 92.
1357 4392 1424 4444 54

861 4539 895 4596 1
931 4535 980 4595 λ’
1017 4540 1092 4593 m
1141 4540 1150 4607 Ι
1199 4540 1237 4596 4
1276 4540 1380 4595 We
1415 4540 1670 4594 vex-missi:
1705 4540 1794 4595 ein
1833 4537 2251 4607 ὁμολογοῦντες
2286 4535 2418 4591 oder
2454 4536 2628 4606 dergl.
2678 4539 2686 4607 Ι
2732 4538 2771 4595 5
2806 4533 3303 4609 διαλαμβάνουσαν

685 4642 749 4708 V,
789 4658 926 4697 corr.
963 4640 1036 4695 Κ]
1101 4642 1109 4709 Ι
1176 4640 1254 4696 82
1293 4640 1616 4711 δικαιοσύνη
1652 4642 1749 4696 καὶ
1785 4650 1853 4699 <
1888 4658 1967 4703 ως
2006 4638 2147 4693 doeh
2184 4638 2297 4707 vgl.
2333 4638 2383 4691 S.
2411 4640 2636 4701 95,29ff
