3694 5582
1183 512 1252 568 de
1287 513 1658 568 ecclesiastiea
1689 512 1975 582 {zheologia
2008 513 2059 564 11
2098 515 2143 566 7.
2179 513 2229 567 8.
2898 514 3014 574 107

395 671 530 746 εἶθ’
579 668 689 746 ὅτι
732 679 896 763 μηδὲ
939 681 1330 765 γεγέννηται
1376 681 1449 746 ἐκ
1493 683 1620 748 τοῦ
1661 674 1927 764 πατρὸς
1971 670 2008 744 6
2054 671 2255 762 λόγος
2296 671 2627 760 παριστὰς
2658 663 2791 741 ὦδε
2837 675 3012 759 λέγει
3076 689 3111 744 2

391 773 564 861 πρὸς
607 780 788 861 λέξιν

519 879 657 960 (Nr.
705 881 808 960 28)
857 869 894 945 6
942 883 1183 947 τοίνυν
1224 872 1402 960 ἱερὸς
1446 871 1844 958 ἀπόστολος
1876 881 1989 945 καὶ
2032 874 2348 964 μαθητὴς
2378 879 2503 943 τοῦ
2532 881 2769 960 κυρίου
2794 867 3013 942 Ἰωάν-

520 1002 640 1062 νης
696 970 1088 1061 ἀιδιότητος
1150 971 1362 1046 αὐτοῦ
1420 973 1872 1064 μνημονεύων
1933 969 2195 1062 ἀληθὴς
2256 979 2557 1062 ἐγίγνετο
2622 977 2748 1043 τοῦ
2806 967 3017 1058 λόγου

323 1083 356 1136 5
517 1069 802 1161 μάρτυς,
870 1077 983 1144 »ἐν
1028 1069 1197 1162 άρχῇ
1245 1065 1331 1162 ἦν
1374 1069 1413 1145 6
1458 1072 1695 1164 λόγος(
1765 1078 2053 1163 <λέγων>
2122 1080 2267 1144 »καὶ
2332 1069 2367 1144 6
2433 1071 2633 1160 λόγος
2696 1062 2780 1160 ἦν
2840 1067 3013 1157 πρὸς

518 1171 644 1245 τὸν
687 1168 873 1256 θεόν,
921 1179 1030 1242 καὶ
1075 1172 1240 1256 θεὸς
1286 1177 1370 1262 ἠν
1415 1171 1451 1244 6
1500 1172 1758 1262 λόγοςι,
1806 1171 2007 1246 οὐδὲν
2050 1179 2371 1262 γενέσεως
2415 1175 2719 1242 ἐνταῦθα
2763 1196 3011 1259 μνημο-

517 1271 738 1344 νεύων
780 1277 906 1342 τοῦ
949 1268 1176 1361 λόγου.

389 1365 579 1443 οῦτω
626 1371 706 1461 δὴ
753 1370 880 1443 τὸν
921 1370 1074 1444 υἱὸν
1117 1378 1242 1442 τοῦ
1284 1379 1458 1444 θεοῦ
1502 1369 1937 1462 ἀρνούμενος,
1984 1371 2111 1443 τὸν
2154 1377 2228 1443 ἐν
2274 1378 2374 1460 τῷ
2422 1375 2567 1459 θεῷ
2599 1367 2811 1458 λόγον
2838 1375 3010 1440 ποτὲ

385 1477 514 1561 μὲν
557 1474 758 1542 ἔνδον
803 1473 975 1542 εἶναι
1017 1475 1091 1542 ἐν
1135 1479 1236 1562 τῷ
1283 1480 1430 1563 θεῷ
1475 1475 1769 1560 ἔφασκεν
1811 1479 1987 1544 ποτὲ
2032 1477 2102 1542 δὲ
2146 1478 2455 1558 προιέναι
2500 1475 2627 1541 τοῦ
2664 1474 2851 1552 θεοῦ,
2894 1477 3007 1538 καὶ

287 1582 351 1638 10
386 1569 640 1642 ἄλλοτε
683 1568 896 1642 πάλιν
941 1567 1470 1662 ἀναδραμεῖσθαι
1523 1577 1618 1656 εἰς
1669 1572 1799 1644 τὸν
1852 1570 2025 1643 θεὸν
2067 1578 2179 1642 καὶ
2225 1574 2491 1641 έσεσθαι
2536 1573 2609 1640 ἐν
2653 1565 2863 1658 αὐτῷ,
2910 1565 3005 1650 οὖς
3074 1589 3107 1642 3

383 1675 498 1742 καὶ
561 1667 906 1758 πρότερον
971 1673 1071 1760 ἠν.
1174 1669 1581 1744 ἐπάκουσον
1614 1667 1680 1742 δ’
1744 1665 1939 1755 όπως
2000 1678 2215 1743 ταῦτα
2280 1677 2455 1758 λέγει
2517 1665 2791 1749 τούτοις
2860 1685 3007 1750 τοῖς

384 1768 672 1858 ρήμασιν

511 1872 839 1954 (Nr.108)
895 1876 1044 1941 νυνὶ
1089 1876 1161 1941 δὲ
1202 1869 1502 1941 πιστεύω
1556 1889 1705 1954 ταῖς
1749 1879 1969 1953 θείαις
2022 1889 2335 1958 γραφαῖς,
2400 1863 2509 1942 ὅτι
2569 1870 2663 1952 εἷς
2727 1863 2765 1941 6
2826 1864 3007 1950 θεός.

507 1975 620 2039 καὶ
667 1965 704 2038 6
749 1967 1007 2042 τούτου
1064 1966 1265 2059 λόγος
1327 1976 1680 2060 προῆλθεν
1740 1979 1865 2060 μὲν
1925 1977 2049 2041 τοῦ
2100 1967 2389 2056 πατρός,
2453 1973 2564 2040 ἵνα
2624 1967 2852 2040 πάντα
2915 1964 3003 2039 δι’

283 2079 345 2134 15
510 2063 724 2139 αὐτοῦ
783 2075 1081 2157 γένηται·
1133 2069 1301 2159 μετὰ
1347 2074 1419 2141 δὲ
1481 2068 1610 2142 τὸν
1669 2069 1910 2160 καιρὸν
1971 2076 2092 2159 τῆς
2150 2077 2432 2155 κρίσεως
2491 2078 2603 2140 καὶ
2666 2067 2797 2156 τὴν
2859 2075 3005 2138 τῶν

511 2162 848 2240 ἁπάντων
891 2165 1261 2258 διόρθωσιν
1303 2177 1416 2241 καὶ
1459 2169 1588 2242 τὸν
1631 2166 2019 2258 α’φανισμὸν
2063 2173 2185 2258 τῆς
2229 2165 2691 2258 ἀντικειμένης
2740 2163 3004 2254 άπάσης

508 2270 870 2356 ἐνεργείας,
931 2274 1045 2342 (ἰδ’
1094 2268 1295 2342 »τότε
1355 2267 1561 2353 αύτὸς
1621 2267 2126 2358 ύποταγήσεται
2177 2276 2281 2358 τῷ
2334 2264 2757 2354 ὑποτάξαντι
2812 2262 3001 2356 αύτῷ

511 2364 596 2436 τὰ
639 2363 902 2438 πάντας
971 2377 1152 2459 »θεῷ
1205 2375 1317 2440 καὶ
1371 2377 1648 2459 πατρία,
1712 2365 1794 2440 ἵν’
1861 2361 2083 2451 οὕτως
2146 2362 2185 2456 ᾗ
2233 2373 2308 2439 ἐν
2352 2374 2455 2457 τῷ
2502 2373 2647 2456 θεῷ
2694 2360 2731 2437 6
2778 2363 3001 2455 λόγος,

507 2462 735 2553 ὥσπερ
777 2475 890 2538 καὶ
933 2465 1277 2557 πρότερον
1323 2462 1411 2558 ἦν
1454 2468 1588 2557 πρὸ
1632 2476 1760 2540 τοῦ
1803 2466 1931 2539 τὸν
1974 2465 2233 2558 κόσμον
2278 2469 2464 2538 εἶναι.
2550 2463 2829 2549 οὐδενὸς
2874 2464 2999 2556 γὰρ

277 2575 344 2629 20
508 2558 713 2648 ὄντος
772 2563 1116 2656 πρότερον
1159 2565 1202 2657 ἢ
1247 2575 1374 2640 τοῦ
1417 2576 1587 2640 θεοῦ
1645 2565 1886 2660 μόνου,
1948 2564 2242 2640 πάντων
2303 2573 2375 2638 δὲ
2435 2566 2543 2637 διὰ
2603 2572 2730 2637 τοῦ
2790 2563 3001 2654 λόγου

505 2672 856 2784 >ely-»soom
898 2664 1313 2757 μελλόντων,
1358 2674 1716 2758 προῆλθεν
1761 2663 1798 2740 6
1846 2665 2049 2756 λόγος
2080 2672 2405 2756 δραστικῆ
2435 2672 2748 2756 ἐνεργεία,
2796 2664 2999 2754 λόγος

505 2769 632 2836 τοῦ
672 2763 934 2855 πατρὸς
978 2763 1094 2839 ὧν.

370 2870 484 2935 καὶ
529 2860 740 2936 πάλιν
785 2864 913 2955 τὴν
954 2864 1171 2957 αὐτὴν
1215 2864 1523 2939 διάνοιαν
1567 2866 1977 2957 λευκότερον
2020 2875 2294 2957 τίθησιν
2341 2858 2475 2938 ωδε
2516 2862 2801 2956 γράφων
3058 2894 3095 2948 4

502 2968 640 3050 (Nr.
671 2973 775 3051 54)
820 2965 954 3053 πρὸ
997 2965 1123 3056 γὰρ
1167 2972 1293 3038 τοῦ
1337 2966 1464 3038 τὸν
1505 2963 1764 3057 κόσμον
1806 2968 1977 3038 εἶναι
2031 2958 2115 3056 ἦν
2166 2962 2203 3039 6
2259 2963 2459 3057 λόγος
2502 2970 2575 3039 ἐν
2618 2973 2719 3058 τῷ
2764 2971 2992 3052 πατρί.

272 3075 338 3130 25
507 3070 514 3151 Ι
565 3091 684 3135 οτε
727 3070 798 3136 δὲ
843 3060 881 3135 6
925 3064 1432 3155 παντοκράτωρ
1485 3065 1650 3149 θεὸς
1699 3064 1929 3138 πάντα
1982 3066 2069 3139 τά
2123 3094 2199 3139 τε
2252 3072 2326 3139 ἐν
2370 3064 2688 3156 ούρανοῑς
2728 3072 2840 3136 καὶ
2884 3070 2991 3135 ἐπὶ
3032 3083 3149 3139 118

503 3170 622 3253 γῆς
691 3170 1036 3253 προέθετο
1097 3172 1398 3255 ποιῆσαι,
1461 3172 1797 3255 ἐνεργείας
1859 3163 1901 3257 ἦ
1960 3174 2085 3239 τοῦ
2144 3165 2401 3257 κόσμου
2463 3172 2715 3254 γένεσις
2776 3170 2991 3237 ἐδεῖτο

501 3270 884 3355 δραστικῆς·
928 3272 1041 3335 καὶ
1085 3263 1194 3337 διὰ
1242 3272 1471 3351 τοῦτο,
1515 3260 1873 3354 μηδενός”
1833 3296 2037 3349 οντος
2068 3269 2305 3355 ετέρου
2333 3266 2515 3355 πλὴν
2546 3270 2709 3337 θεοῦ
2740 3261 2993 3350 (πάντα

501 3363 626 3451 γὰρ
671 3358 1100 3453 ὁμολογεῖται
1143 3360 1257 3435 ὐπ’
1303 3362 1516 3437 αὐτοῦ
1559 3372 2014 3454 γεγενῆσθαι),
2080 3364 2242 3438 τότε
2286 3360 2323 3438 6
2368 3364 2572 3453 λόγος
2617 3362 2990 3450 προελθών

500 3466 760 3551 ἐγίνετο
805 3470 930 3534 τοῦ
973 3460 1231 3553 κόσμου
1272 3462 1582 3555 ποιητής,
1628 3460 1666 3535 6
1713 3472 1824 3534 καὶ
1868 3461 2213 3556 πρότερον
2258 3468 2460 3537 ἔνδον
2504 3469 2775 3551 νοητῶς
2821 3464 2991 3532 ἑτοι-

271 3576 338 3631 30
497 3559 734 3649 μάζων
777 3559 1010 3635 αὐτόν.

369 3666 480 3731 καὶ
527 3653 724 3745 αὖθις
769 3661 936 3751 μετὰ
979 3660 1208 3735 πάντα
1252 3668 1554 3753 ἐπιφέρει
1600 3669 1821 3753 λέγων
3058 3684 3091 3739 5

497 3764 638 3846 (Nr.
683 3768 788 3850 34)
829 3769 937 3832 καὶ
987 3761 1096 3833 διὰ
1142 3770 1355 3836 τοῦτο
1401 3762 1521 3853 οὐχ
1565 3762 1719 3836 υἱὸν
1761 3770 1932 3835 θεοῦ
1960 3762 2211 3834 ἑαυτὸν
2240 3760 2570 3853 ὀνομάζει,
2618 3759 2794 3835 ἀλλὰ
2822 3789 2988 3832 παν-

499 3867 722 3949 ταχοῦ
769 3859 924 3933 υἱὸν
983 3858 1367 3951 ἀνθρώπου
1427 3863 1672 3935 ἑαυτὸν
1715 3870 1917 3952 λέγει,
1982 3864 2091 3933 ἵνα
2146 3862 2253 3935 διὰ
2300 3869 2422 3954 τῆς
2465 3860 2789 3951 τοιαύτης
2833 3855 2991 3951 δμο-

500 3967 732 4050 λογίας
775 3967 960 4033 θέσει
1003 3960 1130 4033 τόν
1175 3962 1560 4051 ἄνθρωπον
1604 3963 1712 4036 διὰ
1775 3970 1899 4054 τῆς
1951 3962 2122 4052 πρὸς
2169 3961 2383 4035 αὐτὸν
2426 3971 2793 4045 κοινωνίας
2836 3959 2992 4033 υἱὸν

271 4072 334 4127 35
500 4068 670 4131 θεοῦ
740 4067 1056 4149 γενέσθαι
1125 4062 1596 4151 παρασκευάση
1667 4071 1778 4135 καὶ
1840 4064 2010 4152 μετὰ
2082 4061 2163 4133 τὸ
2238 4067 2437 4145 τέλος
2498 4068 2619 4151 τῆς
2680 4058 2991 4151 πράξεως

542 4229 579 4285 5
633 4230 755 4285 Joh.
801 4234 848 4299 1,
896 4235 925 4286 1
983 4263 1050 4272 —
1105 4234 1176 4288 1¹7
1236 4232 1432 4288 IKor.
1471 4238 1551 4297 15,
1588 4234 1672 4289 28.
1706 4234 1774 4288 24
1827 4264 1895 4273 —
1951 4232 2073 4289 281
2122 4234 2234 4303 vgl.
2272 4234 2321 4287 S.
2366 4234 2451 4299 42,
2496 4234 2563 4287 24
2615 4263 2680 4271 -
2735 4232 2809 4287 81
2874 4232 2987 4302 vgl.

371 4331 424 4386 S.
457 4332 543 4395 42,
579 4332 648 4386 32

542 4483 578 4538 5
631 4481 814 4553 λέγων
868 4483 994 4538 and.
1040 4484 1119 4539 St.
1185 4487 1193 4552 Ι
1261 4485 1333 4539 21
1391 4484 1582 4555 λόγος]
1630 4481 1663 4539 6
1716 4487 1889 4555 λόγος
1933 4476 2101 4550 οὗτος
2154 4485 2277 4541 and.
2326 4486 2399 4539 St.
2466 4486 2473 4553 Ι
2540 4484 2618 4540 82
2674 4480 2846 4541 αὐτὸν
2892 4484 2989 4549 V*‚

369 4600 506 4640 corr.
528 4584 606 4639 V²
650 4585 662 4653 Ι
708 4583 832 4641 841
875 4586 978 4653 τὴν
1014 4627 1027 4641 .
1066 4627 1078 4639 .
1114 4588 1419 4641 κοινωνίαν
1454 4586 1579 4642 and.
1600 4588 1675 4642 st.
1724 4588 1733 4654 Ι
1783 4587 1859 4642 85
1896 4585 2173 4657 πράξεως]
2210 4590 2449 4658 κρίσεως
2483 4587 2562 4642 Re
2596 4587 2710 4655 vgl.
2730 4584 2780 4638 S.
2802 4586 2914 4649 108,
2938 4586 2985 4639 8.

369 4687 460 4749 19;
497 4685 640 4742 doch
675 4686 788 4756 vgl.
824 4702 892 4739 zu
929 4686 979 4740 S.
1015 4689 1098 4751 43,
1135 4688 1168 4741 2
