3694 5582
1347 492 1544 547 contra.
1576 489 1900 545 Marcellum
1934 491 1960 543 Ι
1994 491 2042 545 2.
2918 498 2993 560 13

377 660 500 726 τοῦ
527 649 774 740 ἀνδρὸς
811 651 1228 725 ἐποπτεύειν.
1299 656 1370 740 ἐξ
1413 645 1492 742 ἧς
1535 651 1861 741 εὐχερείας
1904 649 2173 724 ἀκούσει
2202 650 2415 724 αὐτοῦ
2442 653 2571 725 τὸν
2602 660 2993 741 Σολομῶνα

375 751 741 841 προφήτην
811 749 1330 836 ἀποκαλοῦντος
1401 751 1732 836 πολλάκις
1801 761 1913 825 καὶ
1976 753 2099 836 τὰς
2141 759 2513 841 Παροιμίας
2570 761 2992 842 προφητείας

378 847 855 940 ὀνομάζοντος·
918 850 1146 941 ὥσπερ
1193 844 1315 924 οῦν
1359 857 1435 923 ἐν
1477 853 1578 936 οἷς
1623 876 1830 942 φησιν
3027 861 3094 915 26

497 955 633 1038 (Nr.
648 964 677 1022 1
691 957 792 1038 10)
812 949 1070 1023 τούτου
1091 951 1214 1040 γὰρ
1230 949 1426 1041 χάριν
1447 949 1484 1024 0‘
1505 949 1888 1038 άγιώτατος
1904 949 2265 1043 προφήτης
2276 955 2618 1040 Σολομῶν
2638 983 2661 1016 »
2674 959 2992 1038 δέξασθαί

309 1063 342 1117 5
496 1079 570 1122 τε
603 1050 902 1138 στροφὰς
930 1047 1194 1140 λόγων(
1222 1056 1368 1143 ἔφη,
1396 1060 1508 1123 καὶ
1537 1049 1746 1122 πάλιν
1781 1051 2039 1142 »ῥήσεις
2070 1081 2145 1124 τε
2176 1059 2419 1140 σοφῶν
2447 1061 2559 1124 καὶ
2591 1059 2983 1140 αἰνίγματα(

375 1150 501 1240 τὴν
541 1161 908 1242 παροιμίαν
949 1160 1378 1242 προφητείαν
1421 1146 1750 1239 ὀνομάζει,
1796 1161 1907 1222 καὶ
1952 1145 2151 1234 αὖθις

373 1267 384 1301 “·
492 1256 634 1338 (Nr.
683 1256 828 1340 111)
892 1247 994 1321 διό
1055 1280 1169 1342 μοι
1229 1258 1416 1324 δοκεῖ
1475 1248 1513 1322 ὁ
1575 1252 1987 1338 σοφώτατος
2049 1244 2253 1334 οὗτος
2313 1249 2676 1341 προφήτης
2735 1259 2846 1323 καὶ
2906 1252 2991 1322 τὰ

491 1358 740 1437 πρῶτα
781 1348 1050 1441 ῥήματα
1095 1357 1217 1439 τῆς
1261 1360 1683 1441 προφητείας
1727 1356 2211 1441 παροιμιωδῶς
2254 1357 2603 1440 εἰρηκέναι.

369 1459 478 1520 καὶ
507 1449 828 1538 δεύτερον
857 1456 928 1520 δὲ
957 1456 1069 1520 καὶ
1099 1458 1338 1539 τρίτον
1365 1459 1476 1521 καὶ
1506 1449 1855 1534 πολλάκις,
1898 1448 1995 1533 ῶς
2024 1453 2213 1540 ἔφην,
2248 1458 2458 1523 τοῦτο
2490 1471 2685 1536 ποιεῖ,
2718 1449 2993 1540 άγνοῶν
3025 1462 3091 1516 27

279 1561 338 1614 10
371 1544 478 1622 ὅτι
527 1555 912 1638 »διαιρέσεις
959 1546 1392 1640 χαρισμάτων
1430 1553 1630 1621 εἰσὶν(
1684 1557 1740 1620 εἰ
1781 1559 1894 1620 καὶ
1940 1549 2018 1621 τὸ
2058 1548 2261 1622 »αύτό
2292 1558 2612 1639 πνεῦμαι,
2655 1559 2763 1622 καὶ
2798 1550 2988 1639 ἄλλῳ

369 1657 489 1738 μὲν
514 1656 814 1720 »δίδοται
845 1647 1048 1738 λόγος
1079 1657 1353 1735 σοφίας(
1378 1650 1556 1721 κατὰ
1586 1649 1712 1720 τὸν
1730 1647 2143 1734 ἀπόστολον,
2182 1651 2409 1737 »ἄλλῳ
2442 1649 2643 1742 λόγος
2674 1651 2990 1740 γνώσεως

367 1749 540 1820 κατὰ
578 1748 660 1820 τὸ
705 1746 874 1821 αὐτὸ
923 1755 1204 1838 πνεῦμα,
1249 1750 1458 1840 ἑτέρῳ
1488 1758 1716 1832 πίστις
1746 1755 1821 1819 ἐν
1854 1757 1954 1839 τῷ
1986 1749 2177 1840 αύτῷ
2207 1750 2554 1839 πνεύματι,
2602 1751 2793 1840 αλλῳ
2824 1778 2987 1838 προ-

370 1858 670 1938 φητείαι.
716 1844 1018 1933 διόπερ“
983 1878 1020 1919 ο
1041 1850 1387 1937 Σολομῶν
1415 1858 1656 1936 σοφίας
1674 1857 1798 1938 μὲν
1827 1851 2123 1938 εἰληφώς
2148 1849 2433 1940 χάρισμα
2459 1850 2986 1940 μεμαρτύρηται·
3022 1865 3090 1920 28

371 1953 376 1989 ³
429 1957 576 2019 »καὶ
622 1952 872 2019 ἔδωκεν
917 1946 1042 2036 γὰρ
1087 1948 1316 2036 κύριος
1359 1955 1458 2038 τῷ
1505 1956 1876 2037 Σολομῶνι
1918 1958 2231 2036 σοφίανι,
2278 1981 2375 2033 ως
2418 1947 2459 2039 ἦ
2487 1948 2714 2040 γραφή
2762 1973 2986 2038 φησιν,
3026 1960 3103 2014 14

273 2063 334 2114 15
372 2055 514 2119 »καὶ
560 2053 894 2137 ἐσοφίσθη
937 2044 1106 2136 υπὲρ
1147 2046 1412 2130 πάντας
1473 2046 1958 2136 άνθρῶπουςε·
2026 2043 2183 2120 οὔτε
2246 2055 2317 2120 δὲ
2366 2050 2497 2122 τὸν
2537 2058 2689 2136 βίον
2726 2077 2987 2138 προφη·

367 2147 562 2220 τικὸν
606 2148 902 2236 ἐσχηκὼς
958 2141 1117 2218 οὔτε
1170 2147 1297 2219 τὸν
1351 2154 1472 2236 τῆς
1526 2156 1948 2237 προφητείας
1997 2157 2411 2239 χαρακτῆρα,
2473 2150 2600 2221 τὸν
2662 2146 2799 2221 ἀπὸ
2862 2155 2989 2221 τοῦ

371 2245 568 2318 »τάδε
629 2254 806 2335 λέγει
855 2245 1121 2335 κύριος(
1188 2255 1336 2318 τῶν
1397 2276 1470 2318 τε
1533 2245 2019 2336 ὁμοιοτρόπων
2084 2249 2609 2338 γνωριζόμενον,
2672 2249 2779 2320 διὰ
2842 2256 2989 2319 τῶν

365 2354 640 2418 οἰκείων
683 2351 989 2434 ἐμφαίνει
1036 2343 1282 2435 λόγων.
1369 2343 1408 2418 ὁ
1453 2352 1524 2416 δὲ
1569 2345 1842 2418 τούτων
1888 2345 2088 2419 οῦδὲν
2138 2350 2334 2434 ἰδών,
2398 2347 2625 2436 ὥσπερ
2692 2378 2757 2420 τι
2808 2376 2983 2436 χαρι-
3023 2365 3090 2419 29

367 2444 643 2536 ζόμενος
689 2454 791 2535 τῷ
837 2443 1034 2534 ἀνδρὶ
1075 2443 1446 2536 προφήτην
1493 2443 1704 2518 αὐτὸν
1747 2457 1956 2529 καλεῖ,
2004 2446 2085 2520 ού
2127 2455 2239 2522 34¹
2284 2456 2528 2530 συνιεὶς
2572 2443 2679 2520 ὅτι
2729 2451 2793 2520 οἱ
2822 2475 2987 2534 προ-

271 2559 334 2614 20
367 2553 579 2636 φῆται
631 2551 1049 2633 »περιῆλθον
1092 2551 1166 2617 ἐν
1209 2558 1581 2635 μηλωταῖς,
1642 2551 1716 2618 ἐν
1769 2551 2043 2634 αἰγείοις
2099 2554 2437 2639 δέρμασιν.
2494 2545 2988 2635 ὑστερούμενοι,

365 2643 778 2735 θλιβόμενοι,
821 2644 1405 2734 κακουχούμενομ.
1477 2653 1588 2716 καὶ
1633 2647 1756 2729 τὰς
1799 2655 2173 2736 Παροιμίας
2204 2653 2273 2719 δὲ
2319 2644 2533 2718 αὐτοῦ
2560 2655 2989 2736 προφητείαν

366 2748 530 2817 εἶναι
580 2752 771 2835 λέγει,
819 2750 919 2833 [εἰ]
963 2751 1272 2836 μηδαμοῦ
1316 2751 1437 2835 τῆς
1481 2754 1672 2828 θείας
1703 2753 1962 2836 γραφῆς
2008 2744 2461 2837 διδασκούσης,
2508 2743 2721 2819 αὐτοῦ
2760 2751 2831 2817 δὲ
2861 2753 2986 2819 τοῦ

364 2842 784 2932 σοφωτάτου
855 2846 978 2915 σὺν
1021 2854 1193 2934 θείῳ
1263 2846 1597 2934 πνεύματι
1660 2848 1875 2935 ταύτῃ
1919 2855 2041 2935 μὲν
2088 2856 2173 2935 τῇ
2229 2856 2438 2937 βίβλῳ
2498 2853 2996 2917 ΠΑΡΟΙΜΙΑΙ

365 2938 580 3034 ὄνομα
624 2952 904 3029 θέντος,
959 2954 1045 3032 τῇ
1089 2952 1160 3016 δὲ
1213 2946 1405 3037 ἑτέρᾳ
1453 2953 2183 3017 ΕΚΚΑΗΣΙΑΣΊῊΣ
2235 2956 2346 3018 καὶ
2409 2955 2493 3035 τῇ
2556 2954 2751 3035 τρίτῃ
2800 2952 2987 3016 ΑΙΣ-

269 3056 330 3110 25
364 3050 620 3115 ΜΑΤΑ
665 3050 1176 3129 ΑΙΣΜΑΤΩΝ,
1241 3043 1365 3117 οῦκ
1416 3042 1602 3117 άθεεὶ
1648 3043 1795 3118 οὐδ’
1859 3043 2285 3135 ἀνθρωπίνῳ
2349 3055 2649 3136 λογισμῷ
2709 3045 2986 3128 ταύταις
3022 3063 3089 3117 30

363 3142 856 3228 ἐπιβάλλοντος
917 3162 1064 3227 ταῖς
1125 3150 1528 3232 ἐπηγορίαις.
1635 3141 1810 3217 άλλά
1874 3153 1984 3216 καὶ
2049 3143 2264 3235 αὐτὴν
2326 3146 2455 3235 τὴν
2516 3144 2985 3229 θεόπνευστον

365 3240 578 3315 αύτοῦ
639 3243 906 3332 γραφὴν
967 3241 1054 3314 δι’
1115 3242 1524 3333 Ἑλληνικῶν
1581 3252 1896 3335 πειρᾶται
1956 3244 2522 3335 παραδειγμάτων
2584 3244 2983 3333 ἑρμηνεύειν.

363 3340 486 3413 οῦκ
547 3342 929 3424 ἐπακούσας
981 3342 1256 3415 Παύλου
1319 3353 1444 3415 τοῦ
1505 3343 1897 3417 ἀποστόλου
1959 3352 2281 3433 λέγοντος
2347 3342 2565 3437 »ἡμεῖς
2628 3352 2697 3415 δὲ
2761 3342 2843 3417 ού
2902 3343 2983 3414 τὸ

363 3450 628 3528 πνεῦμα
687 3449 816 3515 τοῦ
865 3438 1124 3531 κόσμου
1175 3442 1501 3532 ἐλάβομεν
1547 3441 1721 3515 άλλά
1767 3444 1849 3516 τὸ
1894 3452 2161 3536 πνεῦμα
2206 3445 2287 3517 τὸ
2333 3450 2406 3515 ἐκ
2451 3452 2576 3515 τοῦ
2620 3452 2813 3525 θεοῦ,
2874 3448 2983 3515 ἵνα

269 3552 332 3607 30
363 3545 615 3629 ἴδωμεν
661 3540 746 3612 τὰ
787 3537 922 3613 ὑπὸ
969 3549 1094 3615 τοῦ
1138 3550 1306 3615 θεοῦ
1347 3550 1760 3632 χαρισθέντα
1819 3542 2001 3634 ἡμῖν·
2066 3542 2107 3613 ἃ
2170 3551 2280 3615 καὶ
2342 3551 2680 3631 λαλοῦμεν
2733 3541 2857 3615 ούκ
2911 3549 2984 3613 ἐν

363 3646 704 3724 διδακτοῖς
753 3638 1197 3731 ἀνθρωπίνης
1250 3650 1492 3729 σοφίας
1553 3640 1806 3729 λόγοις,
1873 3640 2017 3715 ἀλλ’
2079 3648 2154 3715 ἐν
2216 3650 2556 3726 διδακτοῖς
2598 3643 2985 3730 πνεύματος

363 3735 572 3829 ἁγίου,
617 3742 1040 3829 πνευματικὰ
1084 3748 1631 3831 <πνευματικοῖς>
1677 3751 2169 3832 συγκρίνοντες.
2252 3742 2534 3832 ψυχικὸς
2586 3749 2657 3813 δὲ
2712 3742 2984 3831 ἄνθρω-

363 3868 490 3922 πος
533 3836 618 3912 ού
663 3846 924 3929 δέχεται
969 3840 1056 3912 τὰ
1100 3848 1225 3913 τοῦ
1267 3840 1654 3931 πνεύματος
1699 3848 1822 3913 τοῦ
1868 3849 2063 3913 θεοῦ·
2116 3852 2337 3933 μωρία
2378 3843 2503 3932 γὰρ
2546 3841 2733 3933 αύτῷ
2780 3848 2983 3926 ἐστιν,

361 3946 470 4008 καὶ
514 3936 600 4011 ού
645 3938 926 4011 δύναται
968 3948 1255 4029 γνῶναι,
1319 3935 1429 4012 ὅτι
1491 3949 1967 4029 πνευματικῶς
2026 3937 2510 4032 άνακρίνεταια.
2596 3952 2710 4013 καὶ
2770 3949 2985 4013 ταῦτα

271 4046 332 4099 35
365 4043 432 4105 δὲ
476 4035 816 4127 ἀγνοήσας
863 4035 900 4110 ὁ
944 4059 1252 4128 γενναῖος
1295 4047 1608 4128 πειρᾶται
1651 4039 1812 4130 ἡμῖν
1857 4048 1926 4127 ἐξ
1967 4038 2382 4130 Ἑλληνικῶν
2426 4038 2985 4131 ἀναγνωσμάτων

366 4135 490 4225 τὴν
545 4145 694 4207 τῶν
756 4146 970 4210 θείων
1013 4146 1406 4227 Παροιμιῶν
1467 4137 1772 4211 διάνοιαν
1833 4148 2317 4229 παρατιθέναι,
2382 4148 2640 4212 τοῦτον
2699 4140 2985 4231 γράφων

365 4234 597 4321 αὐτοῖς
641 4235 928 4327 ῥήμασιν
971 4238 1098 4309 τὸν
1143 4238 1410 4329 τρόπον

531 4406 570 4461 4
605 4408 765 4462 Prov.
797 4412 894 4475 1,3
929 4438 996 4447 ——-
1035 4408 1106 4463 10
1141 4410 1166 4461 Ι
1203 4410 1330 4463 Kor.
1369 4412 1450 4476 12,
1485 4416 1520 4465 4
1553 4440 1620 4449 -
1661 4411 1731 4464 11
1772 4410 1797 4463 Ι
1834 4408 1963 4465 Kor.
2002 4412 2081 4474 12,
2105 4410 2277 4467 8-10
2311 4442 2376 4451 --
2416 4412 2493 4467 14
2528 4412 2553 4465 I
2592 4412 2727 4465 Κὸιι.
2748 4416 2796 4477 4,
2816 4413 2897 4467 25.
2918 4412 2983 4465 21·

363 4536 427 4545 —
459 4510 530 4563 17
575 4512 743 4562 Amos
766 4512 860 4575 1,6
897 4526 950 4565 u.
986 4515 1036 4564 ὃ.
1072 4540 1138 4549 -
1175 4510 1256 4565 20
1291 4511 1454 4566 Hebr.
1495 4515 1571 4575 11,
1608 4514 1674 4566 37
1709 4543 1776 4552 —
1815 4514 1893 4568 28
1932 4514 1955 4565 I
1994 4514 2119 4566 Kor.
2156 4515 2204 4580 2,
2243 4514 2444 4567 12-14

533 4660 610 4715 22
650 4658 704 4717 εἰ
735 4664 830 4715 atr.
867 4662 960 4716 Mo
991 4664 1002 4731 l
1033 4664 1109 4718 3⁶2.
1147 4672 1552 4732 πνευματικοῖς
1586 4681 1625 4734 g
1658 4666 1802 4719 nach
1837 4664 1932 4718 NT
1966 4682 2017 4718 u.
2057 4666 2106 4719 S.
2147 4668 2226 4729 16,
2265 4667 2331 4721 10
