3694 5582
1209 506 1277 561 de
1311 505 1680 561 ecclesiastica
1719 506 2005 575 theologia
2040 506 2118 559 111
2154 506 3016 573 15.173

400 667 750 756 υποταγὴν
793 666 1046 750 πάντες
1090 670 1154 739 οὶ
1202 662 1377 757 ἀγιοι
1421 664 2001 759 ύποταγήσονται·
2050 664 2237 758 αὐτῷ
2286 674 2423 756 ζωῇ
2466 674 2587 756 μὲν
2633 659 2785 736 ὄντι
2830 662 3017 755 ζησό-

393 797 586 858 μενοι
626 773 954 851 αἰωνίως,
1017 778 1224 861 σοφίᾳ
1279 775 1350 840 δὲ
1395 762 1546 841 ὄντι
1601 778 1804 857 σοφοι
1845 765 2211 858 γενόμενοι,
2258 765 2442 858 λόγῳ
2489 772 2561 837 δὲ
2605 758 2757 837 ὄντι
2802 762 3015 853 λόγιοι

401 866 954 957 ἀπεργασθέντες.
1039 896 1225 940 ουτω
1271 876 1344 941 δὲ
1385 878 1496 941 καὶ
1537 874 1796 958 χριστοι
1839 866 2243 957 γενήσονται
2286 864 2621 955 πνεύματι
2652 871 2773 956 τῆς
2804 862 3017 937 αὐτοῦ

398 965 680 1050 εὐωδίας
719 973 1140 1055 χρισθέντες,
1203 976 1560 1059 φωστῆρες
1613 998 1690 1040 τε
1745 964 2351 1057 ἀναδειχθήσονται
2395 971 2521 1036 τοῦ
2565 971 2723 1037 νέου
2767 970 3017 1047 αἰῶνος

327 1077 362 1131 5
402 1074 408 1157 Ι
484 1072 552 1154 ἐξ
593 1068 808 1139 αὐτοῦ
849 1066 938 1139 τὰ
982 1074 1188 1156 φῶτα
1227 1066 1733 1159 χορηγούμενοι,
1779 1077 1891 1139 καὶ
1933 1072 2069 1140 υἱοὶ
2113 1072 2183 1137 δὲ
2224 1070 2393 1137 θεοῦ
2434 1066 2704 1137 ἔσονται
2746 1073 2848 1153 τῷ
2894 1070 3017 1153 τῆς
3058 1074 3173 1131 185

397 1171 736 1249 υἱοθεσίας
779 1166 1114 1257 πνεύματι
1157 1174 1630 1259 κοσμηθέντες,
1675 1175 1786 1239 καὶ
1827 1174 1976 1238 τῶν
2018 1172 2289 1239 λοιπῶν
2318 1168 2391 1235 ἐν
2430 1160 2617 1255 αύτῷ
2664 1162 3016 1254 δυνάμεων

397 1274 792 1355 μεθέξουσιν
837 1271 904 1338 οἱ
959 1263 1148 1357 αύτῷ
1203 1263 1817 1359 ύποταγησόμενοι,
1882 1264 1979 1347 οἷς
2038 1273 2150 1335 καὶ
2210 1271 2508 1347 δικαίους
2570 1270 2882 1354 γενέσθαι
2943 1269 3017 1335 ἐκ

396 1374 520 1457 τῆς
561 1363 772 1438 αὐτοῦ
816 1365 1241 1455 δικαιοσύνης
1282 1374 1394 1437 καὶ
1438 1364 1669 1455 ἁγίους
1712 1371 1786 1437 ἐκ
1831 1370 1953 1455 τῆς
1996 1361 2209 1436 αὐτοῦ
2238 1360 2629 1452 ἁγιωσύνης.
2701 1368 2847 1434 ἐπεὶ
2876 1369 3011 1452 <δὲ>

395 1474 504 1537 καὶ
553 1466 752 1549 »θεὸς
795 1458 884 1555 ἦν
925 1462 964 1538 6
1009 1463 1280 1555 λόγοςι,
1343 1463 1497 1538 οὐδὲ
1557 1472 1681 1556 τῆς
1733 1462 2073 1554 θεότητος
2117 1462 2347 1548 αὐτοῖς
2409 1460 2773 1552 φθονήσει,
2838 1459 3016 1533 ὥστε
3082 1478 3115 1531 9

291 1576 362 1631 10
395 1571 848 1654 ἐπαληθεῦσαι
893 1564 1022 1637 τὸν
1065 1562 1464 1638 ἀπόστολον
1511 1563 2009 1654 »κληρονόμους
2046 1571 2167 1653 μὲν
2196 1570 2381 1649 θεοῦ,
2428 1560 3013 1653 συγκληρονόμους

396 1672 466 1736 δὲ
511 1670 843 1753 Χριστοῦ(
905 1662 1304 1754 γενήσεσθαι
1359 1665 1521 1748 τούς
1563 1662 1792 1756 ἆγίους
1853 1662 2322 1753 προφήσαντα.
2409 1670 2517 1734 ναὶ
2562 1663 2695 1753 μὴν
2736 1669 2848 1733 καὶ
2894 1662 3016 1734 σώ-

392 1788 595 1855 μασιν
636 1760 978 1852 ούρανίοις
1020 1761 1194 1855 ἡλίῳ
1222 1773 1335 1835 καὶ
1365 1763 1614 1854 σελήνῃ
1643 1773 1753 1835 καὶ
1785 1764 2059 1853 ἄστροις
2087 1762 2455 1854 χρήσονται
2494 1770 3012 1851 παραπλησίοις.

391 1872 498 1937 καὶ
545 1869 622 1935 ἐν
665 1861 894 1955 τούτῳ
955 1870 1076 1953 τῆς
1139 1860 1351 1935 αὐτοῦ
1409 1861 1959 1954 μεταληψόμενοι
2020 1860 2244 1953 δόξης·
2314 1857 2351 1933 ὃ
2413 1861 2495 1952 δὴ
2556 1870 2849 1950 παρίστη
2908 1856 3011 1949 <ό>
3052 1880 3117 1933 10

395 1962 603 2047 αὐτὸς
646 1963 862 2054 φήσας
930 1969 1036 2050 »ἐξ
1087 1955 1170 2034 οὗ
1221 1972 1334 2035 καὶ
1378 1970 1654 2055 σωτῆρα
1701 1960 2208 2053 ἀπεκδεχόμεθα
2250 1961 2487 2051 κύριον
2542 1958 2795 2050 Ἰησοῦν
2854 1967 3013 2049 Χρι-

288 2076 360 2129 15
396 2060 581 2147 στόν,
628 2056 704 2146 ὃς
745 2072 1300 2153 μετασχηματίσει
1341 2062 1426 2135 τὸ
1471 2072 1663 2153 σῶμα
1708 2070 1830 2152 τῆς
1876 2061 2345 2143 ταπεινώσεως
2376 2057 2572 2151 ἡμῶν
2616 2059 3015 2150 σύμμορφον

394 2170 496 2252 τῷ
541 2163 804 2252 σώματι
850 2169 974 2252 τῆς
1016 2161 1218 2254 δόξης
1263 2159 1492 2247 αὐτοῦ,
1539 2162 1714 2234 κατὰ
1744 2161 1875 2252 τὴν
1905 2167 2243 2250 ἐνέργειαν
2273 2167 2401 2233 τοῦ
2430 2158 2761 2231 δύνασθαι
2799 2156 3015 2230 αὐτὸν

391 2268 502 2331 καὶ
543 2258 882 2347 ὑποτάξαι
923 2259 1115 2353 αύτῷ
1161 2262 1246 2335 τὰ
1289 2259 1578 2336 πάνται.
1654 2258 1818 2355 ὁρᾷς
1849 2255 2041 2344 ὅπως
2070 2268 2173 2352 τῷ
2219 2258 2548 2332 δύνασθαι
2594 2255 2807 2331 αὐτὸν
2848 2256 3013 2332 ύπο-

394 2359 590 2447 τάξαι
649 2358 836 2452 αὐτῷ
899 2361 987 2434 τὰ
1047 2359 1276 2434 πάντα
1335 2370 1448 2433 καὶ
1513 2369 1639 2433 τοῦ
1691 2361 2005 2451 σώματος
2059 2366 2187 2431 τοῦ
2230 2356 2558 2449 ἡμετέρου
2598 2383 3011 2447 μετασχημα-

394 2460 634 2549 τισμὸν
677 2457 945 2550 ποιήσει
987 2468 1080 2545 εἰς
1126 2462 1209 2535 τὸ
1268 2461 1702 2552 »σύμμορφον
1739 2469 1842 2551 τῷ
1890 2460 2153 2550 σώματι
2196 2466 2319 2547 τῆς
2362 2456 2562 2548 δόξης
2602 2455 2850 2531 αύτοῦ«
2899 2464 3010 2528 καὶ

286 2574 358 2630 20
394 2559 478 2631 τὸ
523 2556 852 2651 ἡμέτερον
893 2557 1419 2650 ἀπεργάσασθαι.
1491 2567 1548 2633 εἰ
1593 2568 1664 2632 δὲ
1709 2560 1793 2632 τὸ
1825 2557 2155 2650 ἡμέτερον
2196 2559 2592 2649 σύμμορφον
2634 2560 2821 2629 ἔσται
2867 2563 3009 2647 »τῷ
3047 2575 3110 2627 11

393 2659 655 2747 σώματι
698 2665 820 2748 τῆς
863 2658 1063 2779 δόξης
1105 2658 1375 2746 αύτοῦι,
1421 2667 1572 2743 πῶς
1617 2657 1765 2749 ούχὶ
1809 2666 1920 2730 καὶ
1950 2658 2133 2731 πολὺ
2159 2654 2500 2745 πρότερον
2529 2657 2613 2730 τὸ
2646 2664 2768 2781 τής
2798 2655 3012 2730 αύτοῦ

394 2754 594 2849 δόξης
639 2764 832 2849 σῶμα
877 2765 1000 2850 τῆς
1044 2756 1258 2833 αύτοῦ
1299 2760 1642 2834 κοινωνὸν
1688 2764 1877 2832 ἔσται
1903 2767 2265 2847 βασιλείας;
2307 2765 2418 2830 καὶ
2450 2763 2507 2829 εἰ
2548 2756 2633 2829 τὸ
2686 2755 3011 2848 ημέτερον

387 2857 948 2948 καταποθήσεται
1021 2867 1134 2934 89¹·
1193 2857 1330 2933 ύπό
1393 2867 1516 2951 τῆς
1579 2867 1782 2950 ζωῆς,
1858 2891 1956 2943 ως
2028 2855 2065 2932 o‘
2140 2856 2527 2941 ἀπόστολος
2597 2857 3009 2948 ἐμαρτύρησε

393 2957 610 3048 φήσας
660 2955 801 3047 »ἐφ’
855 2951 914 3049 ᾦ
961 2956 1044 3031 ού
1087 2966 1385 3050 θέλομεν
1426 2959 1831 3032 ἐκδύσασθαι
1877 2955 2027 3031 ἀλλ’
2072 2957 2591 3042 ἐπενδύσασθαι,
2602 2942 2623 2990 ⁸
2654 2962 2765 3029 ἵνα
2806 2987 3010 3029 κατα-

281 3075 354 3130 25
387 3065 580 3147 ποθῇ
624 3059 706 3130 τὸ
750 3033 1023 3148 θνητὸν
1065 3055 1200 3131 υπὸ
1245 3065 1366 3148 τῆς
1412 3065 1644 3149 ςωῆςι,
1689 3065 1841 3143 πῶς
1885 3056 2031 3147 οὐχὶ
2072 3059 2256 3131 πολὺ
2298 3056 2639 3146 πρότερον
2669 3057 2749 3128 τὸ
2796 3053 3009 3129 αὐτοῦ

389 3163 582 3244 σῶμα
637 3155 734 3241 οὖς
787 3155 872 3229 ἀν
932 3156 1604 3248 ἐξυπηρετησάμενον
1665 3165 1750 3248 τῇ
1811 3156 2025 3230 αὐτοῦ
2084 3154 2367 3280 θεότηῖι
2427 3155 3005 3246 καταποθήσεται,

390 3255 512 3344 ούχ
569 3252 706 3330 ύπὸ
765 3255 978 3347 μόνης
1039 3263 1162 3346 τῆς
1225 3264 1402 3347 ζωῆς
1463 3253 1716 3348 ὁμοίως
1777 3265 1881 3348 τῷ
1946 3255 2247 3347 ἦαετέρῳ
2310 3253 2481 3328 ἀλλὰ
2542 3264 2653 3326 καὶ
2704 3253 2839 3327 υπὸ
2885 3265 3008 3377 τῆς

390 3355 602 3427 αύτοῦ
643 3353 1012 3444 θεότητος,
1071 3357 1160 3446 μὴ
1222 3356 1302 3447 δὴ
1367 3349 1490 3428 οὖν
1553 3365 2015 3429 πυνθανέσθω
2073 3355 2233 3447 μηδ’
2288 3353 2632 3445 ἀπορείτω
2688 3385 2793 3438 τις
2835 3356 3009 3446 πρὸς

392 3454 662 3540 ἑαυτόν,
738 3465 805 3527 τί
866 3456 946 3547 δὴ
1009 3455 1336 3546 προσήκει
1400 3465 1783 3544 λογίζεσθαι
1843 3463 1997 3544 περὶ
2060 3463 2187 3527 τοῦ
2258 3463 2600 3545 σωτηρίου
2672 3454 3006 3543 σώματος.

284 3573 356 3628 30
390 3562 662 3643 τρανῶς
691 3554 968 3628 Παύλου
1000 3563 1321 3645 λέγοντος
1352 3552 1641 3639 ἀκούων,
1691 3562 1830 3626 δεῖν
1859 3553 2465 3645 καταποθήσεσθαι
2509 3555 2693 3644 »(τὸ)
2740 3553 3008 3642 θνητὸν

389 3651 524 3725 υπὸ
569 3660 692 3743 τῆς
737 3661 974 3744 ςωῆςι,
1017 3661 1132 3726 καὶ
1174 3654 1258 3727 τὸ
1306 3652 1635 3746 ἡμέτερον
1679 3662 1873 3743 σῶμα
1913 3653 2313 3746 σύμμορφον
2356 3658 2633 3725 ἔσεσθαι
2674 3659 2849 3743 κτῷ
2879 3653 3007 3725 σώ-

387 3760 582 3842 ματι>
646 3760 768 3843 τῆς
828 3751 1028 3845 δόξης
1090 3761 1218 3827 τοῦ
1279 3762 1580 3883 Χριστοῦ
1637 3755 1816 3826 κατὰ
1876 3753 2007 3843 τὴν
2082 3758 2419 3843 ἐνέργειαν
2476 3759 2604 3826 τοῦ
2676 3752 3006 3823 δύνασθαι

387 3851 604 3925 αὐτὸν
665 3860 840 3943 <και>
893 3851 1230 3940 ὑποτάξαι
1273 3857 1501 3943 ἑαυτῷ
1547 3854 1632 3924 τὰ
1675 3851 1962 3926 πάνται.
2048 3849 2151 3940 αρ’
2214 3845 2335 3924 οὖν
2394 3849 2719 3940 ύποτάξει
2781 3853 3006 3940 ἑαυτῷ
3044 3867 3107 3922 12

389 3952 478 4023 τὰ
520 3951 774 4025 πάντα·
819 3960 924 4023 καὶ
974 3953 1303 4044 τοιαύτην
1348 3953 1500 4024 τινὰ
1533 3953 1663 4043 τὴν
1691 3951 2033 4043 σωτήριον
2061 3950 2415 4042 ὑποταγὴν
2441 3952 2569 4042 χρὴ
2600 3970 2801 4036 νοεῖν,
2846 3947 3005 4022 καθ’

553 4173 592 4228 9
629 4171 754 4228 Joh.
791 4175 838 4240 1,
877 4177 906 4228 1
943 4203 1010 4213 —
1049 4175 1126 4230 ιο
1161 4174 1315 4228 Rom.
1351 4175 1400 4242 8,
1437 4177 1502 4228 17
1538 4203 1604 4213 -
1644 4173 1720 4229 14
1757 4173 1902 4228 Phil.
1937 4174 1985 4238 3,
2022 4173 2103 4228 20.
2140 4174 2204 4227 21
2258 4201 2326 4212 —
2380 4173 2519 4230 1912
2557 4173 2699 4227 Phil.
2736 4172 2784 4238 3,
2821 4175 2886 4228 21
2942 4201 3008 4212 -

387 4271 467 4328 24
501 4271 554 4326 11
589 4273 718 4328 Kor.
755 4277 804 4342 5,
839 4277 874 4327 4
907 4305 982 4336 -,
1010 4275 1092 4332 80
1125 4276 1179 4330 11
1214 4276 1341 4330 xor.
1377 4277 1424 4340 5,
1461 4277 1496 4330 4

557 4471 594 4529 8
647 4473 708 4530 δὲ
741 4475 831 4530 ab.
868 4475 922 4528 d.
959 4475 1012 4530 Z.
1050 4475 1126 4530 Ψ
1189 4478 1198 4544 Ι
1265 4477 1339 4532 11
1393 4475 1907 4548 προφητεύσανταῗ
1960 4473 2067 4530 We
2129 4477 2139 4542 Ι
2208 4475 2284 4532 18
2339 4473 2371 4531 6
2406 4475 2479 4530 Kl
2544 4477 2555 4544 1
2622 4475 2694 4530 17
2752 4471 2901 4546 αὐτῷ
2941 4474 3007 4536 V.

384 4572 674 4644 doch-vgl.
713 4575 766 4630 Ζ.
789 4577 858 4632 33
921 4579 932 4645 Ι
995 4583 1074 4648 τῷ
1111 4575 1180 4631 ΚῙ
1215 4575 1282 4632 τὸ
1319 4577 1370 4630 V
1437 4578 1446 4644 Ι
1515 4576 1589 4634 18
1627 4575 1778 4651 αὐτῷ
1814 4578 1881 4645 V,
1918 4576 2061 4632 doch
2096 4577 2207 4646 vgl.
2244 4577 2386 4632 z.33
2450 4581 2459 4644 Ι
2524 4579 2605 4634 80
2638 4574 2704 4632 τὸ
2740 4577 2830 4632 ub.
2870 4576 2921 4629 d.
2952 4577 3005 4630 Z.

383 4675 462 4727 V²
522 4678 534 4742 Ι
598 4676 673 4732 81
712 4683 792 4747 τῷ
829 4673 1050 4746 σώματι
1087 4679 1158 4733 Κ]
1193 4679 1336 4734 nach
1372 4677 1469 4732 NT
1503 4696 1554 4732 u.
1591 4677 1644 4734 Z.
1685 4681 1750 4735 16
1812 4683 1821 4746 Ι
1888 4679 1966 4734 88
2000 4679 2099 4733 καὶ
2132 4679 2205 4732 Kl
2240 4679 2383 4732 nach
2418 4678 2513 4732 NT
2548 4697 2601 4732 u.
2638 4677 2690 4732 Z.
2728 4681 2792 4732 17
