3694 5582
1109 516 1180 570 de
1213 518 1586 575 ecclesiasizioa
1621 519 1909 590 bheologia
1944 520 2026 574 III
2062 521 2277 575 19—21.
2874 530 2987 593 181

527 685 610 751 20
636 684 746 750 καὶ
778 676 988 750 πάλιν
1036 672 1262 762 οὕτως
1290 671 1377 778 ἦν
1409 676 1447 751 5
1476 682 1704 771 πατὴρ
1733 686 1810 753 ἐν
1840 678 2031 772 αυτῷ
2074 690 2187 755 καὶ
2235 680 2441 766 αυτὸς
2484 692 2561 756 ἐν
2605 692 2706 775 τῷ
2752 694 2983 774 πατρί
3052 684 3142 745 ὅτι
3180 685 3259 754 ὼς
3295 686 3327 744 ὁ

363 808 456 860 ως
501 774 540 849 5
584 787 776 861 θεῖος
819 773 1205 861 ἀπόστολος
1247 786 1361 849 καὶ
1402 784 1556 867 περὶ
1598 777 1891 854 πάντων
1922 780 2215 855 διδάσκει
2246 792 2395 855 τῶν
2426 790 2549 873 τῆς
2580 790 2986 871 ἐπουρανίου
3024 759 3239 911 wag&
3264 754 3363 881 ,ἐξά

362 886 696 962 βασιλείας
739 876 952 963 ἀξίων
981 884 1228 966 λέγων·
1287 875 1482 949 »τότε
1519 884 1704 952 ἔσται
1747 876 1786 952 5
1831 882 1996 965 θεὸς
2038 880 2272 954 πάντα
2316 888 2390 954 ἐν
2432 890 2701 969 πᾶσινι,
2748 915 2843 967 ως
2872 894 2983 955 καὶ
3048 912 3081 946 0
3122 868 3242 958 υἱός
3277 890 3339 948 ἐν

362 980 444 1053 τὸ
495 974 864 1068 »ἐνοικήσω
909 982 983 1049 ἐν
1027 975 1257 1061 αυτοῖς
1299 986 1412 1049 καὶ
1455 978 2014 1069 ἐμπεριπατήσωι
2064 988 2392 1065 λέλεκται,
2439 980 2611 1054 αλλὰ
2656 991 2766 1054 καὶ
2804 980 2987 1073 ἡμεῖς
3038 961 3344 1085 ξίξτέαζὲῗ

295 1102 324 1153 5
367 1086 476 1151 »ἐν
520 1076 706 1169 αυτῷ
755 1086 976 1168 ζῶμεν
1017 1085 1131 1150 καὶ
1171 1078 1542 1168 κινούμεθα
1586 1088 1702 1151 καί
1754 1084 2010 1169 ἐσμενι.
2094 1088 2205 1152 καὶ
2268 1088 2485 1153 ταῦτα
2544 1080 2776 1155 πάντα
2834 1092 2985 1171 περὶ
3079 1094 3141 1153 ἐν
3176 1103 3295 1161 τοῖς

360 1177 556 1269 ἡμῶν
615 1184 953 1263 λέλεκται,
1017 1186 1164 1250 τῶν
1221 1176 1370 1249 κατ’
1417 1184 1594 1251 ἰδίαν
1654 1178 2033 1253 υπόστασιν
2074 1178 2499 1268 υφεστώτων
2541 1191 2653 1252 καὶ
2698 1183 2989 1270 ζώντων
3082 1160 3296 1287 ἕέέᾌζξ,

358 1287 471 1352 καὶ
513 1285 724 1368 μηδὲν
767 1274 1074 1367 ἐχόντων
1117 1276 1354 1351 κοινὸν
1398 1277 1573 1369 πρὸς
1618 1279 1746 1369 τὴν
1789 1279 2133 1369 πατρικὴν
2187 1278 2507 1369 θεότητα.
2593 1290 2663 1354 τί
2716 1278 2802 1372 δὴ
2864 1276 2989 1354 οὖν
3024 1298 3056 1350 2
3111 1294 3284 1355 ἔσται.

357 1378 482 1469 χρὴ
529 1376 916 1467 θαυμάζειν,
977 1382 1033 1447 εἰ
1073 1384 1184 1449 καὶ
1231 1382 1340 1449 ἐπὶ
1383 1384 1512 1449 τοῦ
1553 1382 1706 1450 υἱοῦ
1750 1381 1815 1451 αἱ
1858 1378 2327 1470 παραπλήσιοι
2372 1388 2699 1469 φέρονται
2744 1389 2991 1469 φωναί,

362 1475 486 1551 οὐκ
531 1474 926 1568 αναιροῦσαι
968 1483 1090 1565 μὲν
1134 1474 1349 1549 αὐτοῦ
1388 1477 1520 1565 τὴν
1572 1475 1947 1550 υπόστασιν
2010 1476 2162 1554 ουδ’
2226 1477 2441 1553 αυτὸν
2501 1484 2671 1553 εἶναι
2732 1489 2993 1568 πατέρα

265 1598 327 1651 10
359 1585 471 1649 καὶ
513 1576 665 1648 υἱὸν
711 1574 1156 1661 διδάσκουσαι,
1219 1576 1347 1666 τὴν
1391 1581 1462 1648 δὲ
1507 1584 1634 1649 τοῦ
1677 1607 1943 1668 πατρος
1986 1579 2157 1669 πρὸς
2202 1576 2413 1652 αυτὸν
2457 1578 2843 1665 ἰδιαζουσαν
2886 1590 2995 1651 καὶ

358 1682 707 1766 ἐξαίρετον
750 1675 954 1766 τιμὴν
995 1683 1108 1747 καὶ
1153 1674 1364 1761 δόξαν
1405 1682 1529 1767 τῆς
1558 1686 1972 1767 μονογενοῦς
2006 1687 2118 1750 καὶ
2162 1686 2393 1769 θεῑκῆς
2435 1690 2801 1762 κοινωνίας
2830 1708 2997 1767 παρ-

358 1785 677 1861 ιστῶσαι,·
718 1782 830 1849 (ΦΨ

525 1882 606 1949 21
668 1872 890 1959 οὕτως
935 1866 1060 1946 οὖν
1101 1882 1208 1946 καὶ
1262 1870 1337 1947 »ὅ
1381 1876 1737 1964 ἑωρακώς(
1807 1874 2023 1949 αὐτὸν
2088 1879 2426 1967 »ἑώρακεν
2479 1881 2607 1952 τὸν
2661 1887 2984 1966 πατέρας,
3042 1882 3202 1952 ὅπως
3234 1888 3342 1957 χρὴ

362 1984 462 2067 τῷ
507 1974 726 2065 μόνον
771 1971 982 2045 αὐτὸν
1025 1982 1136 2046 καὶ
1179 1980 1432 2065 μηδένα
1475 1974 1693 2047 αλλον
1737 1974 1967 2049 εἰκόνα
2009 1979 2181 2049 εἶναι
2216 1985 2377 2052 »τοῦ
2421 1987 2590 2051 θεοῦ
2634 1987 2759 2051 τοῦ
2789 1975 2985 2068 αορᾶ·
3026 1952 3361 2105 ,Ἕξιζωῖᾃ

264 2094 324 2147 15
361 2105 521 2146 tom
589 2082 702 2145 καὶ
772 2069 1208 2162 »ἀπαύγασμα
1269 2080 1393 2165 τῆς
1455 2072 1653 2164 δόξης
1712 2084 1825 2147 καὶ
1892 2084 2282 2167 χαρακτῆρα
2353 2085 2475 2169 τῆς
2544 2076 2987 2161 ὖποστάσεως
3026 2046 3175 2172 {²⁴}ae
3226 2086 3329 2157 ἐμὲ

361 2173 608 2248 αυτοῦ«
665 2179 777 2245 »ἐν
817 2182 1084 2263 μορφῇ«
1153 2204 1229 2246 τε
1278 2180 1517 2246 »θεοῦε
1584 2172 1912 2263 υπᾶρχειν
1972 2174 2147 2247 κατὰ
2211 2177 2334 2259 τὰς
2396 2175 2851 2261 ἄποστολικὰς
2897 2186 2986 2250 δι·
3060 2152 3319 2281 ἑῧξαξξῗ

361 2279 738 2357 δασκαλίας.
844 2270 939 2355 οὖς
1005 2271 1160 2396 γὰρφ
1191 2281 1302 2345 καὶ
1366 2269 1403 2344 5
1466 2272 1597 2362 τὴν
1657 2274 2007 2365 βασιλικὴν
2065 2272 2295 2347 εἰκόνα
2356 2276 2489 2364 τὴν
2558 2273 2660 2349 ἐπ’
2726 2275 2987 2366 ἀκριβὲς
3092 2293 3283 2365 τέραα.

361 2372 913 2463 ἇφωμοιωμένην
975 2371 1162 2464 αὐτῷ
1226 2380 1634 2461 τεθεαμένος
1695 2375 1855 2457 τοὺς
1918 2380 2041 2464 τῆς
2092 2381 2359 2465 μορφῆς
2412 2376 2670 2459 τύπους
2713 2376 2821 2447 δια
2866 2382 2988 2466 τῆς

361 2480 624 2563 γραφῆς
666 2470 1232 2562 ἇποματτόμενος
1278 2479 1768 2560 φαντασιοῦται
1812 2472 1939 2546 τὸν
1968 2482 2258 2558 βασιλέα,
2305 2475 2431 2547 τὸν
2475 2473 2688 2549 αὐτὸν
2724 2471 2988 2565 τρόπον

263 2588 324 2642 20
360 2578 626 2663 μᾶλλον
688 2569 756 2644 δ’
817 2569 987 2663 υπὲρ
1048 2570 1279 2645 πάντα
1331 2569 1540 2662 λόγον
1583 2570 1849 2657 παντός
1894 2603 1969 2645 τε
2012 2580 2321 2646 ἐπέκεινα
2364 2580 2903 2664 παραδείγματος
2948 2570 2986 2645 5

363 2680 462 2762 νῷ
507 2677 767 2761 διαυγεῖ
803 2682 915 2745 καὶ
964 2679 1178 2763 ψυχῆς
1221 2679 1752 2762 κεκαθαρμένοις
1811 2668 1985 2763 αγίῳ
2048 2704 2121 2745 τε
2182 2674 2519 2764 πνεύματι
2568 2680 2990 2762 πεφωτισμέ-

361 2803 508 2856 νοις
569 2765 858 2863 ὄμμασιν
919 2780 1018 2864 τῷ
1081 2801 1158 2844 τε
1216 2778 1484 2863 μεγέθει
1545 2778 1669 2863 τῆς
1731 2779 1858 2845 τοῦ
1917 2781 2329 2864 μονογενοῦς
2390 2778 2543 2848 υἱοῦ
2602 2781 2716 2846 καὶ
2757 2782 2992 2863 κυρίου

361 2871 706 2962 δυνάμεως
751 2878 1138 2957 ἐνατενίσας
1191 2881 1200 2957 Ι
1254 2880 1364 2944 καὶ
1410 2871 1762 2964 ἐννοήσας,
1827 2903 2019 2956 οπως
2086 2877 2198 2944 »ἐν
2258 2871 2449 2965 αυτῷ
2506 2893 2813 2946 κατοικεῖ
2850 2881 2992 2945 πᾶν
3029 2884 3147 2940 195

361 2971 444 3044 τὸ
475 2970 809 3063 πλήρωμα
837 2979 994 3062 τῆς(
1029 2979 1364 3063 πατρικῆς
1400 2971 1811 3063 »θεότητοςι
1849 2979 1961 3045 καὶ
1991 2971 2087 3056 ὦς
2119 2973 2206 3044 τὰ
2236 2973 2592 3062 σύμπαντα
2627 2971 2745 3046 »δι’
2781 2971 2991 3045 αυτοῦ

265 3087 327 3141 25
366 3076 669 3161 ἐγένετω
720 3078 831 3143 καὶ
881 3076 991 3143 »ἐν
1035 3075 1226 3163 αὐτῷ
1271 3079 1553 3162 ἐκτίσθη
1599 3074 1687 3144 τὰ
1731 3071 1961 3145 πάντα
2023 3073 2111 3145 τὰ
2172 3079 2246 3145 ἐν
2308 3092 2452 3155 τοῖς
2514 3070 2829 3161 οὐρανοῖς
2878 3080 2990 3145 καὶ

366 3170 454 3244 τὰ
495 3175 607 3243 ἐπὶ
650 3178 775 3261 τῆς
817 3177 957 3261 γῆς,
1005 3171 1090 3243 τὰ
1137 3168 1352 3260 ὁρατὰ
1397 3181 1510 3244 καὶ
1553 3173 1641 3244 τὰ
1683 3168 2006 3262 ἇόραται,
2055 3169 2491 3262 λογισάμενός
2535 3201 2613 3244 τε
2641 3169 2737 3254 οὖς
2778 3170 2993 3261 μόνον

367 3268 580 3343 αὐτὸν
638 3269 790 3342 υἱὸν
847 3277 1186 3362 μονογενῆ
1246 3276 1486 3360 ἐγέννα
1546 3267 1584 3343 5
1644 3271 1875 3362 πατὴρ
1934 3271 2110 3344 κατὰ
2170 3269 2400 3344 πάντα
2446 3268 2993 3360 ἀφωμοιωμένον

367 3368 577 3462 αὐτῷ,
624 3368 899 3460 δυνάμει
956 3379 1068 3441 καὶ
1120 3366 1334 3442 αὐτὸν
1378 3364 1624 3458 ὄψεται
1665 3369 1794 3443 τὸν
1834 3377 2095 3460 πατέρα
2142 3370 2247 3442 διὰ
2293 3379 2418 3443 τοῦ
2460 3375 2627 3454 υἱοῦ,
2690 3369 2991 3458 θεωρού-

367 3499 576 3559 μενον
616 3489 763 3553 τοῖς
807 3469 936 3559 τὴν
978 3466 1293 3543 διάνοιαν
1321 3477 1855 3561 κεκαθαρμένοις
1884 3477 2035 3560 περὶ
2069 3462 2171 3541 ὦν
2215 3476 2470 3560 εἴρηται
2510 3469 2591 3541 τὸ
2642 3467 2991 3560 »μακάριοι

269 3584 334 3638 30
369 3573 432 3642 οἱ
475 3578 773 3662 καθαροὶ
816 3575 903 3660 τῆ
945 3575 1202 3662 καρδίᾳ,
1249 3564 1360 3642 ὅτι
1406 3567 1600 3643 αὐτοὶ
1643 3567 1774 3641 τὸν
1815 3570 1987 3642 θεὸν
2031 3563 2387 3656 ὅψονταιι.

537 3675 752 3740 ταῦτα
791 3675 916 3757 μὲν
961 3663 1086 3742 οὖν
1129 3675 1576 3759 προθεμένοις
1622 3665 1780 3760 ἡμῖν
1823 3668 2087 3741 σκοπὸν
2129 3668 2261 3759 τὴν
2293 3676 2743 3759 βραχυλογίαν
2788 3665 2883 3749 οὖς
2913 3671 2989 3738 ἐν
3024 3681 3057 3734 2

370 3773 661 3858 ἐπιτομῇ
726 3767 1189 3858 γεγυμνάσθω.
1275 3774 1595 3855 πλείστης
1657 3773 1728 3838 δὲ
1789 3760 1952 3857 ὅσης
2012 3772 2391 3858 ἐξεργασίας
2451 3773 2795 3857 δεομένων
2840 3773 2986 3838 τῶν

544 4037 580 4093 8
630 4038 657 4091 Ι
691 4037 821 4095 Kor.
859 4039 940 4106 15,
977 4039 1046 4094 28
1081 4068 1147 4077 —
1182 4039 1235 4091 ΙΙ
1268 4036 1399 4094 Kor.
1435 4039 1483 4105 6,
1521 4039 1587 4093 16
1621 4066 1688 4077 -
1724 4037 1761 4094 5
1808 4040 1930 4093 Act.
1968 4041 2050 4105 17,
2086 4039 2153 4094 28
2189 4068 2253 4076 -
2302 4037 2448 4094 1811.
2472 4037 2679 4094 141oe
2713 4038 2834 4092 Joh.
2856 4041 2939 4104 14,
2956 4041 2990 4092 9

373 4170 439 4178 —
472 4138 693 4196 141101.
714 4142 849 4206 1,15
884 4169 952 4180 —
991 4139 1068 4196 15
1103 4139 1268 4196 Hebr.
1306 4143 1354 4206 1,
1389 4141 1422 4194 3
1458 4169 1526 4178 -——
1563 4139 1638 4195 16
1673 4139 1817 4194 Phil.
1854 4141 1903 4206 2,
1938 4141 1973 4195 6
2007 4169 2073 4180 -
2110 4139 2183 4195 23
2218 4139 2341 4194 Kol.
2379 4140 2427 4206 2,
2462 4141 2496 4195 9
2530 4169 2597 4180 -
2634 4139 2714 4194 24
2750 4139 2993 4206 Joh.1,3

377 4271 441 4280 —
479 4241 556 4297 25
593 4241 871 4306 K01.1,16
907 4271 973 4279 —
1010 4241 1090 4296 29
1127 4241 1326 4296 Matth.
1362 4244 1410 4306 5,
1445 4241 1481 4296 8

547 4490 579 4545 1
626 4491 748 4546 hier
782 4507 831 4546 a.
868 4491 932 4546 R.
969 4484 1052 4546 ιθ’
1089 4491 1135 4546 V
1199 4491 1208 4558 Ι
1272 4490 1310 4545 4
1365 4487 1528 4560 ἀλλὰ]
1577 4497 1642 4555 -1-
1689 4485 1769 4556 Coc
1803 4491 1898 4545 Mo
1962 4491 1972 4558 Ι
2034 4490 2176 4561 aean]
2212 4497 2277 4555 -1-
2312 4489 2422 4546 w?
2485 4493 2495 4557 Ι
2563 4488 2639 4545 18
2694 4489 2813 4543 hier
2850 4507 2896 4544 a.
2934 4490 2997 4545 R.

373 4589 422 4648 κ’
461 4593 510 4648 V
573 4593 586 4660 Ι
650 4593 794 4649 1413
829 4589 862 4648 ὁ
898 4593 990 4647 fib.
1027 4593 1078 4646 d.
1116 4593 1169 4647 Z.
1207 4593 1283 4646 V2
1345 4593 1354 4660 Ι
1420 4592 1497 4647 14
1532 4589 1708 4662 μηδὲν
1727 4591 1825 4656 V*‚
1864 4607 2002 4646 corr.
2023 4593 2099 4645 V²
2159 4594 2170 4661 Ι
2236 4592 2316 4648 29
2352 4593 2482 4664 περὶ
2520 4592 2595 4646 V²
2631 4593 2760 4648 aR„
2796 4595 2894 4650 καὶ
2928 4589 2997 4648 δι’

373 4694 453 4749 V*
501 4697 512 4763 Ι
565 4693 640 4751 81
681 4691 1045 4767 προθέμενος
1079 4695 1144 4759 V,
1182 4711 1320 4749 corr.
1356 4693 1436 4747 V²
