3694 5582
1189 494 1258 549 de
1292 493 1694 549 aecclesiastica.
1725 495 2015 565 bheologia,
2049 495 2074 546 1
2109 494 2310 550 17.18.
2970 504 3047 566 79

281 653 695 747 ‚(16130112
729 666 832 747 37>
879 655 1056 730 ωστε
1100 653 1543 744 πανταχόθεν
1587 654 1797 747 δῆλόν
1842 662 2029 729 ἐστιν
2064 663 2275 748 μηδὲν
2314 659 2551 746 ἕτερον
2580 665 2665 746 τῇ
2710 653 3049 748 άιδιότητι
3142 669 3367 752 πήσεως

555 765 682 830 τοῦ
722 757 934 847 λόγου
972 753 1341 846 ἁρμόττειν
1383 749 1598 845 ὄνομα
1642 753 1686 845 ἢ
1731 755 1943 829 τοῦθ’
1988 786 2157 847 οπερ
2204 754 2241 830 6
2287 754 2671 847 αγιοότατος
2708 764 2835 830 τοῦ
2878 765 3049 831 θεοῦ
3086 730 3416 858 οὐδὲνέἕτε

555 858 868 948 μαθητὴς
909 866 1024 929 καὶ
1065 853 1455 938 ἀπόστολος
1483 851 1800 945 Ἰωάννης
1843 861 1919 930 ἐν
1964 853 2130 946 άρχῇ
2175 864 2303 930 τοῦ
2343 854 2725 947 εὐαγγελίου
2766 863 3046 948 εἴρηκεν.
3086 823 3224 928 σῗεὲἴ
3274 823 3419 927 ἔξω

555 957 785 1081 >ἐπειδὴ
832 957 960 1047 γὰρ
1005 956 1178 1046 [τὴν]
1223 955 1392 1044 μετὰ
1447 955 1578 1045 τὴν
1617 962 1742 1046 τῆς
1795 955 2043 1045 σαρκὸς
2086 953 2431 1048 ἀνάληψιν
2477 954 2775 1045 Χριστός
2816 987 2893 1029 τε
2936 965 3046 1029 καὶ
3081 935 3417 1078 {23022222}

360 1070 394 1122 5
555 1055 800 1148 Ἰησοῦς
839 1055 1268 1147 κηρύττεται,
1314 1053 1482 1186 ζωή)1
1497 1085 1570 1127 τε
1610 1063 1720 1127 καὶ
1766 1051 1927 1138 ὁδὸς
1968 1063 2080 1127 καὶ
2124 1055 2333 1148 ἡμέρα
2375 1065 2487 1129 καὶ
2530 1053 2893 1140 ἀνάστασις
2936 1065 3047 1128 καὶ
3158 1075 3341 1144 μόνον

556 1157 738 1248 θύρα
796 1166 910 1230 καὶ
981 1157 1192 1246 ἄρτος
1250 1163 1362 1228 καὶ
1423 1161 1482 1227 εἴ
1541 1185 1608 1228 τι
1669 1157 1907 1245 ἕτερον
1964 1153 2101 1229 υπὸ
2160 1165 2311 1229 τῶν
2366 1162 2586 1229 θείων
2639 1151 3045 1246 ὀνομάζοιτο
3085 1137 3323 1230 auom
3338 1146 3419 1214 τῷ

557 1265 872 1346 γραφῶν,
941 1254 1090 1346 <οῦ>
1149 1255 1332 1344 παρὰ
1393 1261 1604 1328 τοῦτο
1669 1253 1937 1345 ἀγνοεῖν
1997 1255 2169 1347 ἡμᾶς
2227 1253 2555 1346 προσήκει
2616 1253 2697 1328 τὸ
2758 1263 3047 1344 πρῶτον
3106 1196 3398 1357 ἔὲἕπῗιζ

563 1351 806 1447 ὄνομα,
871 1385 982 1430 οτι
1045 1355 1250 1445 λόγος
1311 1359 1414 1444 ἠν.
1501 1355 1610 1427 διὰ
1670 1361 1881 1428 τοῦτο
1936 1355 2063 1445 γὰρ
2115 1362 2227 1426 καὶ
2275 1351 2312 1426 6
2358 1351 2747 1444 ἆγιοότατος
2792 1351 3051 1446 εὐαγγε-

553 1458 788 1549 λιστὴς
830 1464 943 1530 καὶ
986 1454 1299 1547 μαθητὴς
1343 1460 1470 1526 τοῦ
1511 1463 1766 1544 κυρίου,
1815 1453 2079 1544 σφόδρα
2123 1457 2507 1546 ἐγρηγορώς
2552 1461 2657 1544 τῷ
2698 1453 3049 1546 πνεύματι,

327 1568 394 1623 10
557 1563 682 1647 τῆς
726 1557 1006 1629 ἄνωθεν
1060 1553 1508 1646 μνημονεύων
1561 1551 1768 1645 ἀρχῆς
1811 1561 1923 1656 καὶ
1966 1557 2254 1676 μηδενὸς
2298 1563 2666 1646 νεωτέρου,
2727 1559 2837 1628 »ἐν
2883 1551 3052 1656 ἀρχῇ

553 1649 642 1745 ἦν
684 1651 722 1728 6
767 1654 1032 1746 λόγοςι,
1094 1657 1225 1745 ἔφη
1276 1661 1422 1725 »καὶ
1466 1649 1505 1725 6
1550 1651 1755 1742 λόγος
1799 1645 1887 1744 ἦν
1926 1654 2103 1744 πρὸς
2146 1654 2273 1728 τὸν
2316 1653 2517 1742 θεόν,
2569 1661 2714 1774 ’3⁶⁰²‘
2760 1652 2924 1738 θεὸς
2967 1657 3053 1744 ἠν

466 1793 472 1798 ·
557 1751 596 1827 6
642 1752 906 1844 λόγος»,
953 1757 1066 1827 ἵνα
1109 1760 1290 1841 δείξη
1335 1745 1530 1842 (ότι),
1577 1758 1637 1826 ει
1679 1783 1746 1824 τι
1772 1754 2018 1828 καινὸν
2045 1761 2156 1827 καὶ
2186 1755 2529 1843 νεώτερον
2573 1747 2811 1843 ὄνομα,
2857 1751 3047 1828 τοῦτ’

557 1850 696 1928 άπὸ
764 1861 886 1944 τῆς
943 1861 1182 1944 καινῆς
1243 1849 1434 1943 αὐτῷ
1497 1860 1608 1924 καὶ
1653 1860 1808 1936 νέας
1860 1851 2115 1944 υπῆρξε
2175 1855 2351 1926 κατὰ
2408 1852 2623 1944 σάρκα
2668 1862 2822 1942 [καὶ]
2870 1857 3049 1927 οἰκο-

556 1963 809 2044 νομίας.

329 2065 396 2120 15
431 2061 550 2125 καὶ
591 2055 741 2143 εξῆς
784 2058 1076 2142 ἐπιλέγει
3120 2069 3153 2122 2

492 2120 700 2240 ’.ὶΝτ
744 2161 848 2240 42)
913 2149 1164 2226 οὐκοῦν
1195 2151 1393 2272 ἲ’πρὸ
1412 2157 1535 2241 μὲν
1587 2157 1714 2223 τοῦ
1773 2163 2141 2224 κατελθεῖν
2198 2159 2305 2224 καὶ
2365 2154 2472 2225 διὰ
2526 2159 2649 2243 τῆς
2700 2158 3053 2243 παρθένου

561 2259 890 2342 τεχθῆναι
937 2249 1139 2341 λόγος
1183 2255 1270 2341 ἡν
1311 2247 1543 2340 μόνον.
1587 2255 1728 2324 ἐπεὶ
1773 2260 1840 2323 τί
1886 2245 2191 2342 ἕτερον
2154 2283 2242 2343 ην
2270 2249 2407 2342 πρὸ
2452 2259 2579 2324 τοῦ
2608 2251 2739 2343 τὴν
2783 2246 3056 2341 ἄνθρω-

561 2361 770 2443 πίνην
801 2349 1162 2438 ἀναλαβεῖν
1208 2349 1425 2440 σάρκα
1469 2349 1564 2422 τὸ
1607 2349 2027 2423 κατελθὸν
2074 2349 2223 2424 »ἐπ’
2266 2350 2625 2441 ἐσχάτων
2668 2358 2834 2423 τῶν
2878 2347 3054 2441 ἦμε-

561 2458 808 2542 ρῶν«,
885 2481 981 2535 ως
1039 2458 1152 2522 καὶ
1215 2447 1422 2535 αὐτὸς
1490 2453 1812 2540 ἔγραφεν,
1883 2457 2013 2522 καὶ
2086 2450 2222 2538 [τὸ]
2286 2457 2686 2541 γεννηθὲν
2756 2455 2838 2523 ἐκ
2910 2457 3057 2541 τῆς

329 2561 400 2615 20
561 2549 789 2642 άγίας
831 2557 1280 2640 παρθένου,·
1321 2547 1520 2628 ovd-'ev
1564 2552 1802 2640 ἕτερον
1847 2545 1891 2638 ἢ
1935 2547 2156 2640 λόγος.

435 2659 549 2723 καὶ
591 2647 803 2724 πάλιν
845 2655 1149 2739 ἐπιφέρει

566 2756 706 2837 (Nr.
737 2763 816 2826 43
847 2785 933 2810 ---
963 2757 1066 2839 81)
1111 2749 1454 2840 πρότερον
1497 2747 1643 2841 γάρ,
1689 2747 1920 2839 ὥσπερ
1962 2746 2295 2833 πολλάκις
2338 2750 2532 2839 ἔφην,
2578 2745 2779 2823 οὐδὲν
2824 2751 3057 2839 ἕτερον

565 2845 654 2942 ἦν
694 2848 738 2940 ἢ
785 2848 1002 2942 λόγος.

439 2960 552 3025 καὶ
595 2958 1052 3077 προστίθησιν
1096 2942 1297 3032 αὖθις
1340 2948 1630 3038 φάσκων
3125 2977 3158 3030 3

569 3056 708 3139 (Nr.
743 3056 848 3138 36)
894 3044 933 3121 6
976 3056 1100 3138 μὲν
1140 3048 1270 3137 γὰρ
1313 3046 1517 3140 λόγος
1566 3054 1676 3122 »ἐν
1721 3047 1891 3139 ἀρχῇ
1920 3041 2067 3139 ἦνι,
2108 3054 2314 3139 μηδὲν
2358 3042 2669 3139 ἓτερον”
2624 3078 2729 3121 ων
2756 3044 2801 3138 ἢ
2831 3046 3055 3139 λόγος·

232 3147 296 3204 f
333 3062 514 3217 ¹2)
575 3147 614 3223 6
659 3157 732 3222 δὲ
788 3157 890 3240 τῷ
947 3144 1130 3238 λόγῳ
1188 3151 1473 3231 ἑνωθεὶς
1534 3148 1941 3237 ἄνθρωπος,
2008 3144 2133 3221 οὐκ
2190 3176 2297 3219 ων
2355 3148 2722 3270 πρότερον,
2783 3157 3059 3240 γέγονεν

571 3250 968 3337 ἄνθρωπος,
1017 3245 1114 3331 ὥς
1143 3244 1504 3320 διδάσκειε
1465 3254 1638 3337 ημᾶς
1664 3244 1997 3338 Ἰωάννης·
2048 3254 2194 3319 »καὶ
2226 3242 2263 3319 6
2296 3244 2497 3337 λόγος
2525 3248 2689 3338 σὰρξ
2732 3251 3059 3337 ἐγένετοτ.

571 3348 680 3421 διὰ
745 3354 956 3419 τοῦτο
1019 3353 1257 3419 τοίνυν
1315 3355 1442 3419 τοῦ
1496 3346 1705 3436 λόγου
1756 3345 2202 3437 μνημονεύων
2254 3356 2573 3435 φαίνεται
2615 3344 2844 3436 μόνου.
2927 3352 3059 3419 εἴτε
3126 3359 3163 3413 4

568 3448 695 3540 γὰρ
737 3444 954 3537 Ἰησοῦ
997 3452 1129 3519 εἴτε
1176 3454 1480 3535 Χριστοῦ
1523 3442 1864 3536 ὀνόματος
1902 3445 2309 3537 μνημονεῦοι
2352 3443 2395 3537 ἦ
2438 3456 2597 3519 θεία
2639 3445 2885 3538 γραφή,
2932 3444 3059 3518 τὸν

339 3560 408 3616 30
568 3546 740 3639 μετὰ
787 3545 958 3634 [τὸν]
1005 3553 1128 3636 τῆς
1173 3544 1620 3635 ἀνθρωπίνης
1663 3540 1834 3618 ὄντα
1880 3546 2128 3637 σαρκὸς
2170 3551 2299 3618 τοῦ
2340 3552 2511 3619 θεοῦ
2541 3543 2749 3637 λόγον
2794 3541 3059 3637 όνοΙμά·
3095 3559 3172 3615 82

575 3660 714 3735 ζειν
777 3654 1106 3735 φαίνεται.
1190 3652 1250 3718 εἰ
1303 3652 1378 3718 δέ
1435 3676 1539 3729 τις
1579 3652 1691 3718 καὶ
1743 3645 1879 3733 πρὸ
1949 3652 2069 3736 τῆς
2130 3651 2284 3729 νέας
2347 3644 2678 3736 διαθήκης
2722 3646 2871 3737 <τὸ>
2934 3653 3059 3719 τοῦ

575 3752 880 3835 Χριστοῦ
922 3742 966 3835 ἢ
1009 3744 1222 3835 Ἰησοῦ
1265 3740 1482 3834 ὄνομα
1513 3750 1688 3833 <ἐπὶ>
1719 3752 1847 3817 τοῦ
1878 3743 2089 3834 λόγου
2114 3742 2333 3835 μόνου
2360 3745 2702 3819 δεικνύναι
2732 3746 3064 3819 δύνασθαι

575 3852 1087 3936 ἐπαγγέλλοιτο,
1133 3842 1396 3935 εὑρήσει
1438 3851 1651 3917 τοῦτο
1694 3852 2146 3934 προφητικῶς
2191 3848 2559 3935 εἰρημένον.

621 4070 700 4126 10
737 4069 858 4123 Joh.
897 4073 944 4135 1,
983 4071 1010 4123 1
1049 4096 1114 4107 -·
1154 4068 1228 4124 18
1270 4066 1435 4121 Hebr.
1475 4070 1520 4131 1,
1557 4068 1588 4119 2
1624 4094 1691 4105 -
1729 4065 1806 4121 25
1845 4064 1969 4119 Joh.
2006 4069 2053 4132 1,
2091 4066 2119 4118 1
2158 4096 2223 4104 —
2262 4065 2334 4120 επ
2375 4066 2499 4120 soh.
2539 4070 2585 4133 1,
2622 4070 2688 4121 14

623 4269 661 4324 4
695 4270 798 4337 τὴν
835 4268 1010 4337 str.(‘?)
1049 4269 1126 4321 V²
1187 4270 1196 4335 Ι
1261 4268 1366 4323 ὅΒ
1400 4262 1554 4339 αὐτῷ
1591 4266 1658 4329 V,
1693 4283 1828 4320 corr.
1868 4264 1973 4320 We
2020 4266 2029 4333 l
2081 4266 2109 4320 7
2155 4262 2223 4320 οὐ
2258 4266 2347 4320 fib.
2386 4266 2437 4321 d.
2474 4268 2526 4321 Z.
2564 4268 2641 4321 V²
2686 4272 2695 4336 }
2753 4269 2830 4323 10
2866 4264 3063 4324 νεωτέ-

451 4370 576 4441 ρου]
613 4377 679 4436 -1-
715 4367 1004 4439 ὀνόματος
1039 4364 1332 4438 ἐμνήσθηὶ)
1368 4369 1446 4423 Re
1493 4370 1502 4435 Ι
1561 4367 1635 4423 12
1673 4362 1762 4422 ὅτι
1797 4367 1922 4421 and.
1960 4368 2034 4421 st.
2082 4368 2092 4433 Ι
2150 4368 2227 4422 18
2262 4368 2361 4423 καὶ
2395 4378 2462 4428 <
2491 4386 2538 4423 a.
2564 4370 2641 4423 St.
2708 4370 2715 4435 Ι
2785 4367 2861 4424 19
2898 4369 2963 4425 τὸ
3001 4377 3066 4428 <

452 4472 580 4527 and.
617 4472 693 4525 st.
759 4474 766 4539 Ι
833 4471 914 4527 2⁰
966 4466 1133 4540 ἁγίας
1176 4480 1243 4529 <
1289 4468 1414 4525 and.
1451 4470 1526 4524 st.
1590 4471 1598 4537 Ι
1666 4468 1744 4525 28
1797 4468 1985 4537 μόνον
2038 4466 2162 4523 and.
2200 4468 2275 4523 St.
2330 4468 2513 4537 μόνον
2550 4471 2595 4523 V
2662 4472 2671 4537 l
2739 4469 2818 4525 29
2875 4462 3066 4538 Ἰησοῦ]

451 4570 580 4630 υἱοῦ
612 4574 692 4628 Re
740 4576 748 4642 Ι
806 4574 885 4629 80
919 4570 1022 4628 τὸν
1058 4584 1120 4633 <
1147 4590 1203 4625 m
1249 4574 1258 4640 Ι
1308 4573 1382 4627 81
1423 4571 1490 4627 τὸ
1528 4568 1654 4624 and.
1683 4570 1757 4623 St.
1805 4572 1814 4637 l
1873 4570 1950 4625 82
1988 4568 2022 4638 ἢ
2057 4565 2234 4638 Ἰησοῦ
2270 4569 2342 4623 Kl
2381 4571 2489 4640 vgl.
2516 4570 2608 4626 Mo
2644 4568 2767 4627 υἱοῦ
2804 4572 2849 4623 V
2913 4573 2922 4638 Ι
2987 4570 3066 4625 82

454 4671 548 4731 ἐπὶ
583 4682 686 4730 τοῦ
720 4676 896 4745 λόγου
930 4676 1110 4743 μόνου
1148 4672 1274 4728 and.
1311 4673 1384 4727 St..
1422 4678 1502 4746 τῷ
1536 4674 1690 4745 λόγῳ
1724 4672 1887 4744 μόνῳ
1924 4672 1971 4724 V
