3694 5582
1353 514 1456 570 Dio
1490 514 1820 587 Fragmenta
1854 513 2129 570 Max-cells.
2944 523 3060 585 187

439 680 663 753 ικῦριος
715 676 934 739 ἔκτισέν
983 700 1084 751 με·
1134 676 1268 752 ἔφη,
1324 678 1467 738 ἀλλὰ
1517 684 1622 751 τὴν
1673 680 1943 755 δευτέραν
1985 680 2133 739 κατὰ
2182 680 2366 752 σάρκα
2412 680 2778 749 οἰκονομίαν·
2838 680 2925 737 διὸ
2962 684 3061 737 καὶ

433 768 676 831 κτίσεως
707 764 992 837 μέμνηται
1025 766 1377 839 προσφόρους
1411 772 1510 835 τῆς
1545 764 1915 839 ἀνθρωπίνης
1950 767 2176 837 σαρκός.

605 918 698 971 Nr.
719 918 786 972 10
821 918 924 985 (Be
941 919 993 981 9)
1033 914 1240 973 οὐκοῦν
1276 916 1308 985 ἡ
1345 918 1526 983 κτίσις
1560 923 1630 988 τῇ
1663 914 1809 973 κατὰ
1847 912 2163 987 ἄνθρωπον
2186 914 2362 973 αὐτοῦ
2383 916 2638 989 διαφέρει
2674 916 3059 990 πραγματείᾳ.

433 1001 522 1057 διό
575 1018 748 1070 φησιν
805 1000 1029 1071 »κύριος
1081 996 1295 1057 ἔκτισέν
1347 1020 1422 1069 με
1475 998 1658 1071 ἀρχὴν
1713 998 1864 1057 ὁδῶν
1917 1000 2094 1057 αὐτοῦ
2136 1000 2219 1067 εἰς
2261 996 2401 1073 ἔργα
2447 999 2649 1057 αὐτοῦ«
2670 1042 2684 1067 ,
2737 996 2954 1057 ἔκτισὲν
2988 1019 3061 1067 με

364 1081 398 1133 5
434 1086 700 1157 δηλονότι
736 1084 828 1143 διὰ
863 1092 962 1154 τῆς
995 1084 1292 1157 παρθένου
1327 1086 1560 1157 Μαρίας
1603 1080 1672 1141 δι’
1707 1075 1772 1155 ἧς
1819 1085 1853 1142 ὁ
1898 1084 2036 1151 θεὸς
2078 1082 2289 1143 ἑνῶσαι
2331 1088 2435 1155 τὴν
2468 1084 2837 1157 ἀνθρωπίνην
2874 1084 3061 1154 σάρκα

435 1179 519 1245 τῷ
553 1167 762 1227 ἑαυτοῦ
795 1170 951 1244 λόγῳ
987 1171 1304 1245 προείλετο.

605 1322 698 1375 Nr.
737 1324 800 1375 11
840 1321 941 1389 (Re
978 1322 1060 1389 10)
1111 1318 1319 1376 τούτου
1370 1320 1563 1376 τοίνυν
1617 1314 1797 1385 οὕτως
1841 1315 2097 1391 ἔχοντος,
2153 1318 2479 1378 ἀκόλουθόν
2524 1316 2677 1375 ἐστιν
2722 1328 2957 1375 σκοπεῖν
2995 1326 3065 1388 τῇ

437 1408 662 1481 διανοίᾳ
715 1403 782 1461 τὸ
837 1406 1244 1475 παροιμιωδῶς
1297 1402 1599 1475 εἰρημένον
1651 1406 1809 1461 τουτὶ
1859 1403 2177 1475 κεφάλαιον
2234 1404 2455 1475 »κύριος
2507 1400 2725 1461 ἔκτισέν
2772 1422 2845 1473 με
2882 1400 3065 1473 ἀρχὴν

440 1489 588 1546 ὁδῶν
625 1486 800 1546 αὐτοῦ
837 1488 919 1554 εἰς
953 1484 1094 1563 ἔργα
1130 1486 1355 1545 αὐτοῦα.
1428 1483 1644 1546 ἔκτισεν
1680 1488 1793 1560 γὰρ
1838 1486 2071 1559 άληθῶς
2104 1491 2170 1547 τὸ
2206 1492 2283 1559 μὴ
2331 1486 2397 1545 ὂν
2432 1485 2762 1557 πεποιηκὼς
2798 1487 2829 1543 ὁ
2865 1486 3065 1543 δεσπό-

331 1572 402 1624 10
437 1593 536 1641 της
571 1576 734 1642 ἡμῶν
769 1573 934 1640 θεός·
973 1571 1077 1629 οὐκ
1113 1566 1290 1629 οὖσαν
1327 1570 1438 1647 γὰρ
1473 1574 1574 1642 τὴν
1609 1572 1811 1646 σάρκα,
1850 1573 1917 1643 ἣν
1955 1573 2256 1645 ἀνείληφεν
2294 1574 2325 1629 ὁ
2362 1574 2551 1646 λόγος,
2592 1570 2735 1630 ἀλλὰ
2770 1574 2847 1641 μὴ
2886 1564 3063 1626 οἷ’-σαι·

442 1653 692 1714 »ἔκτισεν
730 1658 912 1729 ἀρχὴν
949 1656 1096 1715 ὁδῶν
1133 1655 1360 1714 αὖτοῦα.

610 1809 704 1862 Nr.
741 1811 808 1863 12
861 1809 960 1871 (ΕΘ
1014 1810 1100 1875 11)
1155 1804 1364 1863 οὐκοῦν
1415 1806 1651 1873 εἰκότως
1703 1814 1816 1863 τῶν
1870 1805 2125 1879 ἀρχαίων
2178 1810 2680 1881 παρεληλυθότων,
2736 1814 2950 1863 καινῶν
3006 1804 3065 1861 δὲ

437 1887 674 1949 ἔσεσθαι
708 1892 1036 1961 μελλόντων
1071 1887 1342 1947 ἁπάντων
1377 1890 1468 1948 διὰ
1506 1899 1604 1961 τῆς
1639 1900 1742 1947 τοῦ
1779 1900 2034 1965 σωτῆρος
2076 1894 2238 1963 ἡμῶν
2283 1895 2647 1963 καινότητος,
2704 1892 2737 1949 ὁ
2791 1890 3065 1959 δεσπότης

333 2060 401 2111 π)
437 1976 668 2117 2322?
703 1975 953 2049 Χριστὸς
987 1974 1076 2032 διὰ
1113 1984 1213 2031 τοῦ
1248 1978 1550 2047 προφήτου
1600 1974 1740 2050 ἐβόα
1792 1976 1977 2047 λέγων
2032 1977 2258 2049 »κύριος
2311 1973 2527 2034 ἔκτισεν
2578 1996 2653 2047 με
2689 1975 2871 2047 ἀρχὴν
2910 1974 3063 2031 ὁδῶν

610 2212 704 2266 Nr.
745 2214 812 2266 13
847 2212 948 2274 (Re
985 2212 1072 2279 12)
1129 2203 1298 2277 οἶτος
1348 2210 1460 2281 γὰρ
1509 2212 1647 2281 ἡμῖν
1681 2219 1800 2276 τοῖς
1834 2213 2063 2277 δικαίως
2094 2210 2497 2267 πολιτεύεσθαι
2529 2210 3061 2281 μέλλουσιν·θεοσε-

439 2296 602 2367 βείας
637 2294 768 2361 ὁδὸς
803 2294 1063 2367 γέγονεν·
1102 2292 1250 2367 ἀρχὴ
1285 2302 1487 2351 πασῶν
1523 2301 1638 2351 τῶν
1672 2294 1818 2363 μετὰ
1856 2303 2033 2351 ταῦτα
2069 2294 2233 2351 ὁδῶν.

611 2447 706 2500 Nr.
745 2450 810 2501 14
846 2447 946 2515 (Re
981 2447 1068 2513 12)
1127 2442 1366 2518 »ἀρχὴν
1424 2446 1484 2503 δὲ
1533 2444 1739 2501 »cmm«
1789 2444 1881 2501 διὰ
1915 2453 2083 2501 τοῦτο
2120 2444 2357 2513 εἰκότως
2392 2442 2615 2518 εἴρηκεν
2650 2444 2752 2502 τὸν
2787 2444 3064 2511 δεσπότην

443 2530 606 2599 ἡμῶν
643 2530 744 2586 τὸν
781 2536 1034 2601 σωτῆρα,
1079 2530 1222 2586 διότι
1267 2533 1366 2588 καὶ
1399 2536 1514 2587 τῶν
1550 2527 1784 2601 ἑτέρων,
1821 2521 1905 2586 ὧν
1950 2527 2293 2601 ἐσχήκαμεν,
2331 2529 2479 2586 ὁδῶν
2511 2528 2659 2599 μετὰ
2694 2533 2797 2599 τὴν
2830 2525 3064 2599 πρώτην

337 2611 408 2663 20
444 2614 581 2671 ὁδὸν
616 2612 764 2687 ἀρχὴ
801 2612 1064 2686 γέγονεν,
1117 2614 1219 2680 τὰς
1265 2614 1356 2671 διὰ
1391 2622 1506 2670 τῶν
1542 2611 1712 2686 ἱερῶν
1749 2611 2087 2671 ἀποστόλων
2121 2618 2305 2684 δηλῶν
2338 2614 2685 2688 παραδόσεις
2716 2620 2833 2669 τῶν
2890 2612 3063 2681 »μετὰ

441 2696 694 2771 ὑψηλοῦ(
741 2698 891 2756 κατὰ
933 2702 1035 2769 τὴν
1083 2699 1437 2769 προφητείαν
1491 2697 1909 2770 »κηρύγματοςα
1966 2698 2330 2773 κηρυξάντων
2380 2700 2517 2768 ἡμῖν
2550 2696 2618 2754 τό
2654 2696 2856 2753 καινὸν
2893 2703 3059 2753 τοῦτο

439 2785 770 2856 μυστήριον.

607 2935 704 2989 Nr.
744 2939 810 2991 15
847 2934 948 3002 (Ro
985 2934 1070 3000 13)
1121 2928 1370 2989 »ἔκτισεν
1407 2925 1507 2988 οὖν
1541 2953 1642 3003 με«
1684 2935 1855 3004 φησὶν
1895 2931 2104 3006 »ἀρχὴν
2142 2933 2289 2991 ὁδῶν
2335 2932 2511 2990 αὐτοῦ
2546 2931 2629 2999 εἰς
2664 2927 2805 3006 ἔργα
2842 2931 3064 2988 αὐτοΰτ.

436 3025 576 3074 ποτα
613 3018 673 3075 δὲ
707 3013 850 3088 ἔργα
888 3018 1080 3088 φησίν;
1134 3020 1269 3087 περὶ
1321 3007 1405 3072 ὧν
1451 3015 1484 3072 ὁ
1537 3021 1723 3090 σωτὴρ
1760 3015 1912 3088 λέγει
1960 3017 2022 3074 »ὁ
2066 3021 2253 3090 πατήρ
2288 3037 2403 3088 μου
2438 3013 2547 3082 ἕως
2582 3011 2713 3090 ἄρτι
2747 3014 3063 3088 ἐργάζεται,

325 3096 398 3149 25
433 3101 602 3172 κάγὼ
637 3101 984 3175 ἐργάζομαια
1023 3103 1122 3157 καὶ
1159 3093 1326 3166 αὖθις
1365 3100 1461 3156 »τὸ
1498 3096 1699 3173 ἔργονα
1742 3105 1917 3171 φησὶν
1956 3100 2287 3160 »ἐτελείωσα
2326 3099 2359 3158 ὃ
2394 3100 2642 3167 δέδωκάς
2676 3121 2825 3170 μοισ.

609 3254 702 3308 Nr.
740 3257 806 3310 16
842 3255 944 3322 (Ro
979 3255 1064 3320 13)
1109 3254 1195 3318 τίς
1239 3251 1352 3324 γὰρ
1397 3250 1513 3321 πρὸ
1549 3259 1648 3320 τῆς
1689 3257 1806 3307 τῶν
1843 3252 2195 3324 πραγμάτων
2241 3249 2584 3318 ἀποδείξεως
2634 3249 2957 3308 ἐπίστευσεν
2992 3247 3065 3306 ἂν

437 3332 523 3394 ὅτι
575 3337 750 3409 λόγος
804 3341 948 3394 θεοῦ
999 3336 1090 3394 διὰ
1143 3335 1437 3408 παρθένου
1479 3337 1705 3406 τεχθεὶς
1746 3339 1849 3406 τὴν
1884 3335 2171 3410 ἡμετέραν
2207 3334 2561 3408 ἀναλήψεται
2600 3335 2788 3408 σάρκα
2824 3338 2923 3392 καὶ
2961 3339 3060 3404 τὴν

435 3427 627 3478 πᾶσαν
661 3423 911 3492 θεότητα
948 3417 1010 3477 ἐν
1047 3418 1188 3490 αὐτῇ
1224 3427 1561 3490 σωματικῶς
1598 3417 1960 3488 ἐπιδείξεται;

604 3571 696 3625 Nr.
735 3575 800 3626 17
837 3573 939 3639 (Re
977 3573 1060 3638 14)
1100 3570 1241 3641 »πρὸ
1279 3577 1384 3626 τοῦ
1419 3567 1628 3636 αἰῶνος
1661 3567 2044 3641 ἐθεμελίωσέν
2075 3591 2207 3640 με»,
2244 3569 2515 3639 θεμέλιον
2549 3569 2655 3640 μὲν
2691 3577 2895 3627 τοῦτον
2932 3567 3059 3625 όνο-

325 3663 400 3716 30
433 3654 658 3725 μάζων,
705 3659 808 3726 τὴν
851 3654 998 3712 κατὰ
1043 3653 1228 3728 σάρκα
1275 3652 1452 3710 αὐτοῦ
1487 3659 1947 3728 προορισθεῖσαν
1980 3652 2335 3723 οἰκονομίαν.
2404 3649 2485 3720 ὥς
2532 3656 2632 3712 καὶ
2667 3653 2701 3710 ό
2738 3652 3060 3718 ἀπόστολος

605 3823 776 3878 3-6
824 3823 1158 3886 4616-21
1209 3853 1276 3860 —
1337 3821 1532 3878 7—11
1583 3824 1674 3882 46,
1711 3824 1950 3878 23—27.
2018 3823 2133 3888 144,
2170 3823 2405 3884 14-18,·
2458 3823 2505 3876 9
2539 3815 2798 3890 (ἔκτισεν)
2854 3851 2921 3859 -
2975 3821 3059 3874 11

431 3891 553 3957 145,
585 3891 770 3944 7—10.
843 3891 1180 3952 151,11-13
1213 3921 1280 3928 —
1314 3891 1565 3946 12—15
1602 3891 1878 3954 145,1-4
1912 3919 1979 3929 —
2012 3889 2266 3946 16—17
2293 3890 2413 3952 145,
2432 3889 2653 3942 20—21
2686 3919 2753 3926 —
2801 3889 3058 3944 18-22

431 3959 550 4023 145,
587 3958 810 4010 23—28
844 3989 912 3996 —
946 3959 1211 4014 23—25
1245 3958 1368 4020 146,
1404 3957 1626 4010 25-28
1659 3988 1726 3996 —
1762 3958 2029 4014 26—28
2063 3957 2177 4018 146,
2212 3956 2439 4010 30—33
2472 3987 2539 3994 —
2576 3955 2805 4012 29—8.
2824 3957 2988 4024 188,
3009 3956 3057 4010 3

434 4019 610 4148 (ἔφέη
647 4025 1018 4147 46,43.2H7361;
1019 4023 1500 4144 9—2-99109241511022)
1536 4055 1602 4064 -
1642 4027 1696 4076 s.
1733 4026 1964 4093 188‚2
2000 4025 2284 4098 (Χριστός)
2320 4023 2703 4090 147,14-17,·
2745 4025 2799 4079 S.
2819 4024 2985 4090 188,
3012 4024 3057 4078 2

434 4103 448 4160 ί
483 4113 516 4147 V
555 4111 596 4159 ς,
639 4121 706 4132 '-
935 4133 949 4160 ι
1007 4141 1012 4144 -
1119 4132 1150 4144 ·-“

605 4230 638 4283 1
679 4227 838 4282 Prov.
875 4229 924 4292 8,
961 4229 1027 4280 22
1061 4257 1128 4266 -
1164 4227 1202 4281 4
1241 4227 1399 4282 Prov.
1435 4227 1485 4292 8,
1521 4228 1588 4282 22
1621 4257 1689 4264 -
1735 4227 1770 4281 8
1809 4227 1970 4281 Prov.
2006 4227 2055 4292 8,
2092 4227 2159 4280 22
2210 4257 2277 4265 —
2332 4227 2406 4280 11
2448 4226 2611 4279 Prov.
2647 4226 2697 4288 8,
2734 4225 2803 4278 22
2853 4255 2920 4262 -
2976 4227 3052 4279 12

432 4295 482 4348 11
519 4296 648 4351 Kor.
686 4299 736 4363 5,
774 4297 839 4350 17
874 4325 941 4334 ——
979 4296 1057 4350 14
1093 4293 1250 4347 Prov.
1286 4297 1336 4360 8,
1371 4295 1437 4347 22
1472 4325 1540 4332 -
1577 4296 1650 4349 17
1691 4295 1814 4348 Joh.
1843 4295 1977 4358 14,ss
2012 4322 2079 4333 —-
2114 4294 2277 4347 Prov.
2306 4294 2355 4356 8,
2384 4295 2451 4348 22
2485 4323 2553 4333 -
2590 4294 2667 4348 18
2704 4291 2867 4346 Prov.
2898 4294 2947 4358 8,
2986 4293 3053 4346 22

435 4363 556 4486 }2{
594 4362 932 4498 {rzvf’i}
963 4362 1368 4494 {og-8813?
1405 4362 1453 4422 8,
1491 4361 1557 4415 22
1619 4391 1685 4402 -
1741 4363 1819 4417 24
1874 4361 1997 4415 Joh.
2034 4363 2184 4432 5,17
2236 4391 2303 4399 —
2358 4362 2436 4416 25
2488 4360 2609 4414 Joh.
2648 4361 2729 4426 17,
2764 4363 2799 4414 4
2850 4390 2917 4399 -—
2973 4361 3051 4415 28

605 4566 643 4621 3
681 4561 788 4620 οὐκ
823 4556 924 4620 οὖν
959 4581 998 4634 g
1061 4564 1069 4632 Ι
1133 4565 1172 4619 9
1220 4561 1300 4629 εἰς
1335 4595 1400 4602 -
1437 4561 1612 4618 αὐτοῦ
1647 4572 1712 4622 <
1751 4565 1866 4630 144,
1903 4563 1967 4616 16
2016 4561 2024 4629 Ι
2088 4560 2199 4634 γὰρ
2234 4571 2301 4620 <
2338 4563 2453 4626 151,
2492 4564 2552 4615 11
2621 4562 2628 4628 Ι
2712 4561 2791 4616 10
2836 4560 2949 4632 γὰρ
2984 4571 3051 4621 <

433 4633 478 4684 v
516 4635 600 4696 46,
639 4633 707 4687 26
845 4632 1010 4700 ἡμῶν
1083 4637 1146 4694 -1-
1202 4630 1234 4686 6
1290 4635 1403 4699 144,
1443 4634 1522 4686 17.
1595 4633 1710 4690 145,
1746 4631 1796 4684 8.
1856 4631 1971 4690 151,
2010 4631 2075 4683 12
2138 4631 2147 4698 ι
2214 4629 2334 4684 lor
2366 4625 2510 4685 ἀλλὰ
2546 4657 2610 4668 —
2646 4621 2863 4684 ἔκτισεν
2897 4638 2964 4687 <
3000 4629 3047 4680 v

429 4703 512 4770 46,
551 4703 618 4755 27
655 4731 724 4740 —
804 4702 837 4755 1
893 4631 1074 4771 ἀρχόν
1110 4729 1176 4738 -
1212 4696 1388 4755 αὐτοῦ
1422 4709 1488 4760 <
1521 4701 1604 4766 46,
1641 4699 1723 4752 27.
1795 4699 1911 4764 144,
1949 4698 2029 4751 18.
2101 4699 2217 4762 151,
2254 4699 2319 4750 13
2383 4698 2392 4765 ι
2458 4697 2535 4751 29
2588 4693 2695 4763 μὲν
2728 4705 2795 4755 <
2831 4698 2947 4758 147,
2984 4699 3049 4750 14
