3694 5582
651 513 768 573 170
1838 506 2104 563 Eusebius

774 672 912 755 (Nr.
961 676 1100 755 104)
1173 668 1280 740 διὰ
1333 676 1543 742 τοῦτο
1589 668 1714 759 γάρ
1757 700 1872 759 μοι
1916 675 2103 741 δοκεῖ
2140 677 2251 740 καὶ
2312 663 2351 740 δ
2412 666 2917 755 παντοκράτωρ
2979 664 3171 749 θεός,
3234 662 3271 737 δ

775 764 1136 857 δεσπότης,
1197 768 1371 857 πρὸς
1424 768 1638 841 αὐτὸν
1696 776 1917 859 λέγειν
1975 767 2235 842 »κάθου
2278 772 2353 839 ἐκ
2396 774 2639 851 δεξιῶν
2681 794 2813 856 μου
2860 769 2989 847 ἕως
3032 764 3118 838 ἂν
3160 773 3273 837 θῶ

776 868 937 949 τοὺς
981 866 1267 956 ἐχθρούς
1319 892 1444 940 σου
1483 865 1868 942 ὑποπόδιον
1897 877 2043 942 τῶν
2071 875 2317 941 ποδῶν
2358 891 2536 940 σουι.
2606 870 2903 959 ἐνεργείᾳ
2944 866 3119 956 μόνῃ
3164 865 3273 937 διὰ

773 966 905 1056 τὴν
948 960 1406 1057 ἀνθρωπίνην
1449 966 1660 1057 σάρκα
1702 977 2015 1058 χωρίζειν
2056 964 2273 1040 αὐτὸν
2332 975 2561 1040 δοκῶν
2620 974 2731 1038 καὶ
2786 964 3015 1054 ὥσπερ
3058 964 3277 1055 ῥητόν

581 1074 624 1131 5·
775 1094 930 1137 τινα
978 1063 1230 1155 χρόνον
1292 1063 1544 1157 ὁρίζων
1606 1066 1796 1158 αύτῷ
1860 1075 1983 1159 τῆς
2044 1072 2117 1140 ἐν
2179 1073 2361 1161 δεξιᾷ
2419 1072 2755 1155 καθέδρας
2817 1059 3004 1137 οῦτω
3068 1072 3273 1153 φησὶν

772 1166 946 1253 πρὸς
981 1162 1196 1237 αύτὸν
1244 1167 1410 1249 »ἕως
1455 1164 1540 1239 ἂν
1582 1176 1696 1239 θῶ
1743 1168 1904 1250 τούς
1949 1166 2235 1257 ἐχθρούς
2276 1192 2402 1239 σου
2444 1163 2825 1239 ὖποπόδιον
2853 1172 3003 1236 τῶν
3029 1171 3271 1236 ποδῶν

775 1290 954 1336 σουι.
1057 1272 1266 1338 τοῦτο
1332 1274 1402 1338 δὲ
1463 1266 1546 1340 τὸ
1608 1268 2044 1357 προφητικὸν
2116 1274 2243 1339 τοῦ
2308 1272 2514 1338 Δαυὶδ
2570 1266 2783 1356 ῥητὸν
2852 1270 3269 1353 σαφέστερον
3304 1276 3337 1329 3

774 1361 929 1454 ἡμῖν
973 1365 1361 1455 ἑρμηνεύων
1405 1362 1442 1438 ὁ
1487 1366 1672 1455 ἱερὸς
1715 1364 2107 1451 ἀπόστολος
2152 1362 2339 1439 οῦτω
2388 1393 2537 1449 πως
2581 1370 2707 1453 ἔφη
2743 1370 2881 1437 »δεῖ
2906 1365 3031 1455 γὰρ
3062 1361 3276 1437 αὐτὸν

773 1463 1144 1547 βασιλεύειν
1181 1466 1308 1549 ἕως
1353 1464 1438 1538 ἂν
1481 1474 1576 1556 θῇ
1620 1467 1782 1549 τούς
1825 1468 2116 1555 ἐχθροὺς
2158 1463 2371 1539 αὐτοῦ
2414 1462 2797 1538 ὑποπόδιον
2840 1471 2989 1536 τῶν
3034 1469 3277 1535 ποδῶν

548 1572 615 1627 10
775 1560 1046 1635 αύτοῦι.
1131 1561 1383 1636 ούκοῦν
1424 1560 1590 1655 ὅρον
1639 1566 1796 1637 τινὰ
1842 1571 2015 1655 ἔχειν
2068 1573 2258 1640 δοκεῖ
2314 1562 2356 1655 ἦ
2400 1564 2574 1637 κατὰ
2618 1565 3003 1654 ἄνθρωπον
3062 1561 3277 1636 αὐτοῦ

777 1668 1133 1752 οἰκονομία
1176 1692 1250 1733 τε
1294 1672 1406 1736 καὶ
1448 1673 1762 1748 βασιλεία.

650 1769 763 1833 καὶ
805 1757 966 1849 μεθ’
1015 1766 1211 1851 ἕτερα
1253 1769 1543 1853 ἐπιλέγει

777 1866 914 1947 (Nr.
967 1870 1109 1949 104)
1171 1871 1282 1934 καὶ
1343 1864 1451 1935 διὰ
1511 1872 1724 1937 τοῦτο
1785 1867 1854 1935 αἱ
1906 1863 2192 1954 Πράεεις
2251 1872 2401 1936 τῶν
2462 1857 2877 1934 ἀποστόλων
2934 1869 3088 1951 περὶ
3150 1868 3274 1934 τοῦ

659 1996 664 2003 ·
775 1958 1158 2049 ανθρώπου
1198 1962 1480 2049 τούτου,
1545 1994 1628 2036 ον
1685 1961 2056 2055 ἀνείληφεν
2118 1960 2157 2037 δ
2219 1971 2346 2037 τοῦ
2396 1969 2567 2035 θεοῦ
2611 1958 2813 2051 λόγος
2856 1970 2967 2033 καὶ
3010 1959 3271 2051 ἀνειλη-

549 2067 618 2122 15
779 2088 942 2179 φωςι
973 2064 1049 2131 ἐν
1090 2068 1270 2155 δεξιᾷ
1317 2070 1442 2134 τοῦ
1486 2063 1750 2153 πατρὸς
1789 2072 2177 2151 καθέζεται,
2223 2057 2449 2145 οῦτως
2490 2059 2917 2133 διδάσκουσιν
2960 2068 3270 2151 λέγουσαι

781 2166 787 2249 Ι
869 2154 990 2231 »δν
1032 2166 1137 2231 δεῖ
1177 2159 1475 2250 ούρανὸν
1526 2192 1648 2252 μεν
1691 2168 2013 2251 δέξασθαι
2064 2192 2215 2253 αχρι
2264 2159 2537 2251 χρόνων
2590 2157 3268 2246 ἀποκαταστάσεωςε,
3310 2180 3429 2237 182

777 2268 889 2330 καὶ
935 2252 1134 2332 αὗται
1179 2259 1408 2351 ω’σπερ
1454 2290 1620 2351 ορον
1663 2262 1818 2335 τινὰ
1862 2272 1971 2334 καὶ
2016 2270 2441 2351 προθεσμίαν
2481 2256 2840 2349 ὁρίζουσαι.

655 2358 762 2441 οἷς
803 2356 963 2448 μεθ>
1011 2362 1203 2449 ἕτερα
1247 2366 1533 2451 ἐπιλέγει
3302 2385 3341 2436 4

784 2463 1113 2547 (Nr.104)
1157 2469 1318 2554 πῶς
1337 2464 1438 2531 ἔτι
1483 2462 1614 2552 τὴν
1657 2467 1782 2534 τοῦ
1825 2459 2077 2533 δούλου
2116 2458 2405 2550 μορφήν,
2451 2458 2538 2551 ἣν
2580 2456 2946 2548 ἀνείληφεν
2975 2488 3013 2530 ο
3045 2456 3271 2548 λόγος,

559 2566 628 2621 20
782 2560 1054 2651 μορφὴν
1114 2553 1324 2631 οὖσαν
1385 2560 1662 2645 δούλου,
1731 2578 2035 2633 συνεῖναι
2095 2568 2197 2650 τῷ
2260 2556 2443 2650 λόγῳ
2506 2556 2610 2646 [δι’
2678 2556 2911 2646 αὐτοῦ]
2972 2558 3274 2630 δυνατὸν

784 2658 1029 2747 γένοιτ’
1075 2659 1192 2744 div,-
1235 2668 1472 2747 σαφῶς
1515 2668 1683 2750 γοῦν
1726 2668 1838 2731 καὶ
1885 2632 2252 2749 διαρρήδην
2294 2664 2371 2731 ἐν
2412 2670 2641 2748 βραχεῖ
2680 2687 2815 2729 τινι
2858 2655 3084 2749 χρόνῳ
3128 2665 3277 2730 τῶν

779 2785 854 2829 τε
895 2756 1488 2849 παρεληλυθότων
1544 2768 1656 2832 καὶ
1709 2766 1860 2832 τῶν
1898 2756 2302 2849 μελλόντων
2352 2757 2633 2832 αίωνων
2673 2757 2804 2849 τὴν
2846 2757 3021 2831 κατὰ
3065 2755 3275 2848 σάρκα

777 2863 1172 2948 οἰκονομίαν
1211 2867 1338 2932 τοῦ
1368 2858 1578 2949 λόγου
1607 2857 1688 2933 δι’
1727 2858 1898 2951 ἡμᾶς
1928 2867 2331 2951 γεγενῆσθαι
2360 2865 2835 2948 συμβεβηκέναι
2868 2865 2979 2928 καὶ
3015 2857 3275 2946 ταύτην

778 2953 1007 3045 ὥσπερ
1069 2955 1281 3048 ἀρχὴν
1327 2953 1510 3032 οῦτω
1555 2969 1666 3034 καὶ
1711 2967 1909 3042 τέλος
1972 2965 2147 3048 ἔχειν
2190 2955 2230 3032 δ
2274 2965 2632 3041 θεσπέσιος
2676 2961 2939 3048 εἴρηκεν
2982 2961 3273 3041 Παῦλος,

547 3061 614 3116 25
775 3051 962 3128 οὕτω
1007 3086 1158 3140 πως
1210 3061 1428 3131 εἰπὼν
1488 3062 1670 3132 »εἶτα
1713 3059 1796 3133 τὸ
1842 3066 2067 3144 τέλος,
2128 3053 2299 3130 ὅταν
2360 3065 2713 3149 παραδιδῷ
2760 3057 2890 3146 τὴν
2932 3065 3274 3141 βασιλείαν

775 3163 878 3247 τῷ
923 3163 1068 3246 θεῷ
1113 3164 1224 3228 καὶ
1267 3167 1536 3248 πατρία.

813 3261 896 3328 14
965 3253 1074 3326 διὰ
1147 3256 1503 3329 τοσούτων
1573 3256 1973 3348 ᾹῙάρκελλος
2043 3266 2153 3330 καὶ
2214 3258 2297 3331 τὸ
2360 3265 2553 3348 σῶμα
2620 3263 2777 3346 »τῆς
2836 3255 3071 3346 δόξης«
3140 3262 3269 3327 τοῦ
3328 3269 3645 3357 ἐξηγήσεις

647 3359 796 3426 υἱοῦ
849 3351 1180 3445 ἠγνόησεν
1239 3365 1350 3427 καὶ
1403 3357 1534 3448 τὴν
1580 3355 2037 3447 ἀτελεύτητον
2098 3355 2313 3430 αυτοῦ
2354 3365 2697 3443 βασιλείαν
2740 3355 3067 3445 ἀρνεῖται,
3142 3351 3267 3474 οὐκ
3300 3337 3671 3468 τ’ῗςξανυζὲῑῖ

650 3452 1009 3544 ἐπιστησας
1088 3485 1184 3538 ως
1260 3455 1438 3528 κατά
1518 3486 1674 3530 τινα
1751 3454 2121 3548 συνήθειαν
2198 3464 2320 3548 τῆς
2398 3463 2659 3546 γραφῆς
2726 3452 3119 3542 ἰδιάζουσαν
3183 3453 3267 3526 τὸ
3328 3481 3449 3530 τῶν
3484 3472 3569 3530 ἀι
3574 3497 3643 3530 α-

545 3559 615 3614 30
651 3557 775 3636 ἕως
818 3553 1465 3644 παραλαμβάνεσθαι
1521 3562 1782 3629 εἴωθεν.
1870 3551 2057 3628 οῦτω
2118 3563 2285 3646 γοῦν
2346 3551 2385 3629 δ
2432 3557 2679 3679 εσωτὴρ
2732 3573 2878 3639 τοῖς
2928 3565 3269 3645 μαθηταῖς
3340 3545 3623 3665 Wffgf‘d·

651 3659 877 3743 ἔλεγεν
943 3653 1126 3726 »ἰδοῦ
1178 3657 1312 3743 ἐγῶ
1367 3652 1530 3744 μεθ’
1572 3654 1768 3745 ύμῶν
1811 3660 1941 3746 εἰμι
1981 3654 2199 3739 πάσας
2246 3656 2367 3740 τὰς
2413 3653 2658 3746 ἡμέρας
2704 3657 2832 3737 ἕως
2876 3661 3000 3744 τῆς
3043 3677 3269 3726 συντε-

649 3761 830 3836 λείας
875 3760 1000 3825 τοῦ
1045 3757 1365 3839 αἱῶνοςε,
1422 3752 1547 3826 οῦκ
1589 3753 1895 3844 ἀναιρῶν
1935 3755 2019 3828 τὸ
2062 3763 2455 3828 συνέσεσθαι
2498 3753 2731 3838 αὐτοῖς
2771 3762 2883 3825 καὶ
2926 3753 3097 3844 μετὰ
3140 3782 3271 3842 την

649 3859 1064 3936 συντέλειαν,
1120 3852 1458 3926 διδάσκων
1502 3852 1570 3926 δ>
1619 3849 1728 3927 ὅτι
1771 3863 1883 3926 καὶ
1932 3862 2053 3927 νῦν
2096 3863 2217 3945 μὲν
2263 3860 2446 3927 ἔσται
2491 3855 2614 3927 σὺν
2658 3851 2891 3937 αὐτοῖς
2940 3856 3107 3937 »ἕως
3149 3859 3272 3943 τῆς

649 3960 1073 4036 συντελείας(
1125 3959 1527 4025 ἐπισκοπῶν
1567 3963 1678 4026 καὶ
1728 3953 2113 4042 φυλάττων
2156 3952 2423 4038 πάντας
2467 3955 2629 4038 τούς
2658 3951 2848 4046 αύτῶ
2893 3965 3271 4043 μαθητευθ-

817 4175 852 4228 2
890 4173 978 4230 Ps.
1017 4175 1132 4239 109,
1169 4176 1198 4227 1
1237 4203 1302 4212 -—
1337 4175 1374 4230 6
1409 4174 1684 4237 Ps.109‚1
1721 4205 1787 4215 —
1824 4174 1863 4230 8
1896 4179 2018 4230 Act.
2039 4179 2087 4240 3,
2108 4177 2174 4230 21
2212 4205 2278 4216 —
2318 4176 2395 4232 16
2429 4178 2551 4231 Act..
2579 4177 2628 4240 3,
2648 4174 2711 4230 21
2750 4205 2817 4214 —
2858 4174 2977 4230 191³
3007 4173 3149 4230 Phil.
3169 4178 3218 4242 2,
3242 4177 3271 4230 7

645 4305 711 4315 —
749 4276 826 4331 25
864 4276 887 4328 I
924 4275 1052 4329 Kor.
1090 4278 1170 4342 15,
1205 4277 1272 4330 24
1307 4305 1373 4314 —
1409 4275 1480 4332 27
1525 4275 1668 4330 Phil.
1703 4278 1752 4345 3,
1791 4281 1855 4331 21
1894 4309 1960 4317 —
1994 4278 2064 4333 81
2104 4278 2305 4332 Matth.
2342 4278 2423 4344 28,
2460 4277 2529 4332 20
2562 4305 2629 4316 —
2665 4275 2742 4332 83
2778 4275 2979 4330 Matth.
3014 4277 3099 4344 28,
3136 4277 3203 4332 20

819 4475 848 4530 1
906 4475 1067 4542 θεὸς,
1107 4475 1138 4532 ὁ
1173 4486 1240 4536 <
1276 4477 1402 4531 and.
1439 4477 1514 4532 St.
1579 4477 1589 4544 Ι
1655 4478 1692 4532 2
1749 4477 2043 4548 δεσπότης]
2080 4485 2145 4542 -i-
2182 4475 2356 4556 αῦτοῦ
2391 4478 2485 4534 Mo
2522 4485 2587 4541 ÷
2622 4477 2785 4546 ὴμῶν
2838 4495 2866 4530 r
2926 4477 2935 4545 1
3002 4477 3041 4532 4
3093 4474 3269 4550 ῥητὸν

647 4577 772 4630 and.
809 4577 882 4631 St.
922 4573 1138 4650 εἴρηται
1175 4579 1224 4632 V
1289 4579 1298 4646 Ι
1363 4579 1399 4634 8
1451 4576 1564 4652 γὰρ
1599 4575 1754 4668 αὐτῶ
1789 4579 1887 4646 V*,
1926 4597 2060 4635 corr.
2099 4580 2177 4634 Vc
2244 4582 2251 4648 Ι
2321 4581 2392 4637 17
2433 4579 2470 4632 1.
2508 4575 2712 4634 αὖταὶῖ
2775 4578 2786 4645 Ι
2850 4579 2932 4634 20
2982 4571 3055 4634 δι’
3088 4575 3269 4635 αὐτοῦ

646 4683 741 4732 etr.
777 4679 853 4732 V²
918 4681 926 4746 Ι
993 4681 1072 4736 28
1109 4678 1459 4752 συμβέβηκεν
1495 4680 1622 4736 and.
1659 4680 1735 4735 St.
1797 4682 1808 4748 Ι
1874 4682 1951 4737 25
1997 4679 2233 4754 πὰραδῷ
2270 4681 2347 4734 V²
2406 4681 2416 4750 Ι
2482 4681 2558 4736 27
2598 4680 2719 4735 hier
2752 4696 2800 4736 a.
2836 4679 2901 4736 R.
2936 4673 3021 4750 ιγ’
3055 4680 3107 4733 V
