3694 5582
703 502 821 564 100
1391 437 1396 442 ·
1874 489 2139 545 Eusebius

825 659 964 742 (Nr.
1009 663 1114 742 51)
1175 651 1531 726 κάνταῦθα
1584 649 1839 744 ὁμοίως
1892 647 1931 724 6
1975 649 2337 741 ,προφήτης
2394 658 2549 739 περὶ
2612 655 2739 722 τοῦ
2798 650 2929 740 τὴν
2988 645 3314 739 ἡμετέραν

823 752 1277 844 άνειληφότος
1319 751 1533 842 σάρκα
1577 750 1784 842 λόγου
1827 758 2223 842 διαλέγεται,

697 862 811 926 καὶ
855 858 1158 942 ἐπιφέρει
1204 859 1424 942 λέγων

823 957 978 1073 (Νι-ὸ
1007 959 1112 1044 51)
1155 960 1416 1043 πνεῦμα
1457 958 1645 1035 σκιᾶς
1708 948 2076 1040 ποιητικὸν
2138 945 2263 1024 οῦκ
2324 950 2412 1024 ἄν
2453 980 2630 1026 ποτε
2682 957 2969 1041 γένοιτο.
3054 955 3316 1038 πνεῦμα

629 1071 662 1122 5
821 1057 894 1125 δὲ
937 1046 1050 1125 ὅτι
1093 1049 1300 1135 αὐτὸς
1343 1047 1381 1124 6
1443 1050 1634 1136 θεός,
1697 1045 1734 1122 6
1790 1051 2023 1141 σωτὴρ
2075 1053 2233 1172 &cpu-
2275 1058 2575 1142 »πνεῦμα
2616 1047 2654 1122 6
2699 1046 2923 1134 θεόςι.
3009 1042 3119 1120 ὅτι
3164 1054 3233 1119 δὲ
3277 1043 3314 1118 6

821 1151 987 1235 θεὸς
1031 1160 1184 1241 φῶς
1227 1157 1440 1236 ἐστιν,
1497 1149 1702 1234 αὐτὸς
1746 1147 2041 1223 διδάσκει
2101 1147 2271 1240 ἡμᾶς
2319 1152 2491 1240 »ἐγώ
2534 1157 2668 1240 εἰμι
2710 1147 2795 1222 τὸ
2840 1157 3027 1238 φῶς(
3078 1155 3318 1266 λέγων.

697 1263 982 1342 θεωρεῖς
1029 1245 1220 1336 ὅπως
1267 1251 1352 1323 τὰ
1394 1258 1548 1341 περὶ
1593 1258 1717 1324 τοῦ
1762 1257 2076 1341 σωτῆρος
2119 1255 2481 1340 λελεγμένα
2525 1255 2635 1321 ἐπὶ
2679 1250 2812 1341 τὴν
2854 1247 3161 1338 θεότητα
3191 1251 3318 1318 τοῦ

695 1353 956 1442 πατρὸς
995 1358 1376 1441 μεταφέρει.
1460 1357 1571 1422 καὶ
1614 1346 1823 1422 πάλιν
1868 1347 2134 1436 ἀναιρεῖ
2172 1349 2303 1441 τὴν
2345 1345 2722 1424 ὑπόστασιν
2768 1358 2895 1422 τοῦ
2921 1353 3073 1420 υἱοῦ
3099 1353 3315 1436 γυμνῇ

699 1458 784 1540 τῇ
844 1460 1106 1542 κεφαλῇ
1177 1449 1312 1542 πρὸ
1367 1457 1490 1542 τῆς
1550 1457 1699 1522 τῶν
1749 1478 1869 1539 γει
1872 1457 2104 1540 νητῶν
2148 1455 2579 1538 δημιουργίας
2620 1455 2821 1540 μηδὲν
2866 1450 3101 1538 ἕτερον
3144 1448 3317 1520 εἶναι

597 1563 664 1619 10
697 1551 881 1642 πλὴν
924 1558 1050 1623 τοῦ
1093 1559 1262 1622 θεοῦ
1304 1547 1520 1640 μόνου
1566 1546 2142 1640 ἀποφαινόμενος·
2185 1545 2429 1638 γράφει
2472 1545 2539 1620 δ’
2583 1541 2709 1621 οὖν
2752 1541 2887 1622 ὦδε
2928 1546 3105 1620 κατὰ
3134 1552 3318 1633 λέξιν

823 1655 960 1737 (Nr.
1005 1659 1109 1737 93)
1155 1651 1286 1740 τὴν
1329 1657 1653 1724 δοθεῖσαν
1697 1646 1887 1740 αύτῷ
1942 1654 2251 1737 ἐξουσίαν
2288 1645 2626 1738 Ἀστέριος
2686 1645 2771 1722 δ
2736 1677 2774 1718 ο
2786 1659 2825 1735 ξ
2836 1677 2930 1718 αν
2982 1641 3316 1736 ὀνομάζει,

821 1758 935 1821 καὶ
979 1746 1063 1822 06
1105 1749 1311 1836 δόξαν
1353 1747 1572 1840 μόνον
1613 1747 1786 1822 ἀλλὰ
1827 1757 1941 1820 καὶ
1980 1746 2488 1838 προκόσμιον
2530 1743 2800 1834 δόξαν,
2862 1743 2987 1820 οῦκ
3048 1750 3318 1818 ἐννοῶν

825 1842 936 1920 ὅτι
991 1847 1199 1940 μήπω
1260 1856 1388 1923 τοῦ
1446 1849 1705 1940 κόσμου
1765 1845 2133 1939 γεγονότος
2194 1845 2397 1920 οῦδὲν
2458 1849 2692 1936 ἕτερον
2752 1839 2842 1936 ἦν
2900 1845 3088 1936 πλὴν
3147 1850 3320 1916 θεοῦ

822 1945 1056 2039 μόνου.

599 2061 664 2116 15
697 2056 808 2120 καὶ
851 2042 1051 2133 αὖθις
1095 2047 1177 2120 τὸ
1223 2045 1390 2122 αὐτὸ
1431 2058 1690 2136 βεβαιοῖ
1729 2055 1952 2138 λέγων

823 2152 961 2238 (Nr.
1005 2155 1110 2236 92)
1173 2145 1462 2239 οὐρανὸς
1511 2158 1623 2221 καὶ
1685 2156 1769 2240 γῆ
1819 2155 1933 2218 καὶ
1991 2144 2225 2219 πάντα
2268 2145 2353 2219 τὰ
2408 2151 2481 2219 ἐν
2526 2143 2841 2234 οὐρανοῖς
2884 2150 2996 2217 καὶ
3038 2147 3149 2215 ἐπὶ
3196 2149 3319 2233 τῆς

823 2254 945 2340 γῆς
998 2242 1168 2320 ὄντα
1227 2245 1362 2320 ὑπὸ
1427 2255 1555 2321 τοῦ
1613 2254 1784 2320 θεοῦ
1841 2253 2220 2338 γεγένηται·
2291 2252 2349 2318 εἰ
2421 2253 2661 2318 τοίνυν
2716 2251 2930 2317 τοῦτο
2987 2242 3317 2326 πιστεύοι,

823 2343 1081 2438 ἀνάγκη
1126 2343 1342 2419 αὐτὸν
1395 2345 1662 2421 κάκεῖνο
1725 2359 2213 2436 συνομολογεῖν
2279 2339 2389 2417 ὅτι
2447 2345 2633 2436 πλὴν
2691 2351 2863 2416 θεοῦ
2922 2340 3119 2416 οὐδὲν
3183 2344 3316 2414 ἕτε-

821 2475 948 2536 ρον
991 2439 1159 2536 <ἦν>
1197 2457 1208 2531 1

3355 2457 3463 2513 105

596 2559 664 2613 20
863 2552 905 2620 2
965 2541 1130 2639 δρᾷς
1170 2543 1494 2618 Ἰουδαῖον
1547 2545 1867 2635 ἄντικρυς
1929 2543 2056 2616 τὸν
2114 2552 2455 2636 μονογενῆ
2518 2541 2671 2616 υἱὸν
2730 2549 2857 2615 τοῦ
2916 2549 3113 2626 θεοῦ,
3182 2539 3313 2612 »δι’
3354 2554 3497 2622 ὅπως
3562 2555 3639 2609 καὶ

700 2636 780 2715 οὗ
824 2644 918 2716 τά
954 2643 1219 2718 πάντα(
1271 2651 1564 2734 γέγονεν,
1611 2641 2050 2736 άρνούμενον.
2123 2647 2180 2716 εί
2221 2642 2349 2734 γὰρ
2390 2643 2576 2734 πλὴν
2617 2651 2790 2714 θεοῦ
2832 2638 3033 2714 ούδὲν
3076 2642 3319 2731 ἕτερον
3354 2626 3436 2763 [ὑὲ

3455 2619 3637 2680 Ἰουδαΐ-

3438 2711 3509 2748 ων
3538 2696 3597 2759 τῇ

699 2736 785 2834 ἦν
827 2741 964 2835 πρὸ
1021 2751 1144 2835 τῆς
1206 2751 1331 2817 τοῦ
1389 2741 1646 2834 κόσμου
1703 2749 2057 2833 γενέσεως,
2122 2740 2246 2817 ούκ
2308 2736 2393 2835 ἦν
2456 2743 2584 2834 ἄρα
2646 2738 2684 2815 6
2746 2739 2917 2826 υἱός·
2987 2749 3100 2814 καὶ
3126 2749 3319 2865 ‘stobe
3383 2763 3507 2849 δόξῃ
3536 2760 3621 2813 διε-

706 2840 971 2915 »πάντα
1015 2839 1108 2916 δι’
1153 2842 1366 2917 αύτοῦ
1407 2849 1692 2935 ἐγένετο,
1737 2850 1850 2914 καὶ
1887 2850 2096 2933 χωρὶς
2140 2841 2353 2917 αὐτοῦ
2394 2850 2663 2934 ἐγένετο
2708 2839 2865 2915 ούδὲ
2912 2843 3051 2929 ἕνας
3108 2837 3149 2915 6
3192 2849 3318 2932 μὲν
3373 2830 3616 2902 λένκεῐαῑ·

704 2936 828 3016 οὖν
866 2939 1198 3029 ’,Ιουδαῖος
1261 2938 1300 3015 6
1354 2942 1480 3016 τὸν
1525 2944 1826 3032 Χριστὸν
1886 2950 2013 3018 τοῦ
2072 2951 2245 3017 θεοῦ
2302 2940 2745 3034 ἀρνούμενος,
2806 2942 2941 3033 πρὸ
3002 2948 3128 3033 τῆς
3190 2946 3319 3013 τοῦ

599 3056 664 3109 25
701 3040 957 3132 κόσμου
1009 3049 1332 3133 γενέσεως
1395 3040 1592 3115 οῦδὲν
1655 3044 1841 3114 οἶδεν
1898 3044 2085 3134 πλὴν
2143 3051 2315 3115 θεοῦ
2372 3041 2613 3133 μόνου,
2676 3048 3319 3133 συμμαρτυροῦντος

573 3144 578 3147 ’
701 3139 888 3233 αὐτῷ
935 3148 1366 3233 Μαρκέλλου·
1440 3139 1481 3233 ἦ
1544 3148 1616 3213 δὲ
1659 3148 1963 3231 Χριστοῦ
2021 3148 2339 3234 ἐκκλησία
2398 3144 2523 3215 σὺν
2564 3150 2902 3236 παρρησία
2964 3147 3078 3216 62¹
3132 3138 3317 3230 πάσῃ

701 3240 1095 3332 σεμνύνεται
1139 3250 1427 3331 λέγουσα
1493 3238 1688 3332 »ἡμῖν
1751 3242 1841 3327 εἶς
1892 3241 2055 3326 θεὸς
2109 3238 2147 3315 6
2202 3240 2456 3333 πατήρ,
2520 3247 2593 3329 ἐξ
2652 3235 2733 3314 06
2779 3242 2864 3314 τὰ
2908 3240 3157 3327 πάντα,
3204 3247 3319 3313 καὶ

703 3340 795 3425 εἷς
837 3340 1064 3429 κύριος
1106 3338 1351 3432 Ἰησοῦς
1393 3339 1705 3430 Χριστός,
1752 3339 1849 3412 δι’
1896 3335 1975 3415 06
2020 3342 2107 3415 τὰ
2149 3340 2436 3415 πάντας.
2508 3341 2681 3414 ἐπὰν
2724 3348 2795 3413 δὲ
2840 3347 2999 3431 λέγῃ
3056 3336 3191 3413 »δι’
3236 3334 3319 3413 06
3385 3358 3418 3413 2

702 3440 787 3512 τὰ
829 3437 1129 3563 ot6vtm‘,
1193 3442 1376 3515 οἶδεν
1436 3437 1648 3513 αὐτὸν
1705 3440 1839 3530 πρὸ
1894 3439 2207 3514 πάντων·
2282 3440 2461 3515 ω’στε
2518 3440 2652 3529 πρὸ
2715 3449 2839 3532 τῆς
2892 3448 3019 3514 τοῦ
3060 3439 3325 3531 κόσμου

598 3554 666 3607 30
701 3545 1026 3628 γενέσεως
1069 3536 1108 3611 6
1155 3547 1373 3630 λέγων
1415 3537 1613 3611 οὐδὲν
1660 3542 1895 3632 ἕτερον
1939 3544 2110 3613 εἶναι
2150 3541 2335 3632 πλὴν
2378 3549 2549 3615 θεοῦ
2590 3538 2808 3631 μόνου
2837 3548 2963 3632 τῆς
2990 3538 3321 3630 ἀληθείας

697 3639 1214 3728 καταψεύδεται.
1303 3641 1426 3712 σὺν
1470 3640 1594 3730 γὰρ
1642 3648 1744 3731 τῷ
1789 3638 1981 3731 μόνῳ
2028 3649 2173 3732 θεῷ
2218 3648 2331 3712 καὶ
2384 3636 2422 3711 6
2476 3641 2851 3731 μονογενὴς
2909 3637 3122 3713 αὐτοῦ
3173 3641 3321 3725 υἱὸς

702 3740 789 3827 ἠν
827 3737 961 3827 πρὸ
1006 3747 1130 3831 τῆς
1175 3746 1300 3812 τοῦ
1341 3736 1596 3829 κόσμου
1639 3736 2041 3824 συστάσεως,
2086 3748 2195 3811 καὶ
2242 3748 2345 3831 τῷ
2390 3750 2603 3828 πατρὶ
2648 3748 2876 3831 συνῆν.
2949 3746 3160 3813 τοῦτο
3192 3740 3321 3829 γὰρ

701 3842 1000 3925 ἐδίδαξεν
1045 3836 1263 3930 αύτὴν
1313 3846 1424 3910 καὶ
1479 3835 1516 3911 6
1563 3841 1780 3911 εἰπών
1825 3836 1967 3911 »ἐπ’
2012 3838 2298 3928 ἐσχάτου
2342 3848 2489 3912 τῶν
2531 3838 2805 3930 ἡμερῶν
2847 3838 3125 3912 τούτων
3170 3839 3321 3913 ἐλά-

703 3946 904 4026 λησεν
962 3934 1123 4028 ἡμῖν
1184 3945 1261 4011 ἐν
1317 3944 1476 4029 υἱῷ,
1552 3934 1634 4010 ὃν
1692 3942 1941 4029 ἔθηκεν
2003 3938 2433 4029 κληρονόμον
2492 3938 2814 4025 πάντων,
2888 3934 2983 4009 δι’
3055 3932 3137 4011 06
3208 3946 3321 4011 καὶ

869 4108 907 4164 5
960 4108 1084 4165 Joh.
1115 4112 1166 4174 4,
1201 4110 1269 4165 24
1319 4139 1388 4149 —
1438 4110 1477 4165 6
1530 4109 1653 4164 Joh.
1688 4110 1738 4173 8,
1777 4110 1842 4163 12
1892 4139 1961 4149 -
2012 4108 2335 4165 201K0r.
2370 4113 2419 4174 8,
2456 4112 2489 4165 6
2526 4140 2591 4149 -
2636 4111 2707 4165 21
2744 4112 2859 4181 vgl.
2896 4110 2988 4165 Nr.
3024 4111 3092 4167 93
3126 4140 3193 4149 —
3242 4110 3323 4165 28

701 4208 825 4264 Joh.
861 4212 910 4274 1,
945 4212 978 4265 3
1031 4240 1097 4251 —
1151 4210 1327 4266 2711
1363 4211 1490 4267 Kor.
1528 4212 1577 4273 8,
1613 4212 1648 4265 6
1681 4241 1748 4252 —
1786 4208 1932 4267 2911·
1958 4212 2072 4281 vgl.
2109 4210 2203 4265 Nr.
2240 4214 2321 4267 54.
2358 4213 2426 4267 92
2462 4242 2529 4251 -
2566 4213 2643 4268 88
2679 4212 2842 4267 Hebr.
2882 4216 2928 4275 1,
2966 4216 2995 4267 1

872 4360 910 4414 8
953 4361 1053 4416 καὶ
1088 4361 1163 4415 V1
1197 4362 1327 4417 a.R.
1393 4362 1402 4430 Ι
1471 4360 1508 4417 8
1547 4361 1778 4431 αιρει(’.))
1815 4360 1911 4429 V*‚
1949 4378 2085 4416 corr.
2122 4360 2226 4426 V¹;
2261 4363 2373 4432 vgl.
2411 4362 2461 4418 S.
2499 4366 2581 4431 33,
2608 4366 2674 4419 18
2719 4364 2729 4431 Ι
2780 4364 2853 4419 11
2892 4359 3153 4429 ἐξουσίαν
3190 4362 3322 4417 and.

702 4462 778 4517 st.
813 4461 985 4527 δόξαν
1021 4462 1072 4515 V
1135 4464 1145 4531 Ι
1214 4464 1288 4518 18
1343 4458 1414 4531 ἦν
1448 4461 1574 4516 and.
1611 4462 1686 4516 St.
1751 4463 1760 4529 Ι
1828 4464 1971 4519 213
2006 4462 2038 4519 6
2075 4468 2167 4517 str.
2206 4464 2279 4517 Kl
2314 4464 2425 4532 vgl.
2464 4464 2514 4520 S.
2552 4466 2633 4532 98,
2672 4466 2737 4520 16
2784 4466 2793 4532 Ι
2860 4464 2932 4521 26
2976 4462 3325 4539 Μαρκέλλου

700 4575 785 4615 mr
819 4560 1136 4636 Μαρκέλλω
1173 4564 1224 4617 V
1271 4566 1280 4633 Ι
1329 4564 1406 4621 83
1445 4561 1617 4633 αὐτὴν
1653 4564 1804 4619 Zahn
1839 4564 1953 4634 vgl.
1988 4564 2040 4620 Z.
2079 4565 2161 4619 26.
2220 4564 2269 4618 S.
2308 4565 2423 4632 101,
2462 4568 2543 4621 12.
2581 4568 2694 4634 105,
2732 4568 2799 4622 34
2834 4564 2984 4635 ἡμᾶς
3014 4578 3101 4619 mr
3135 4557 3233 4619 νῦν
3274 4564 3323 4617 V

700 4666 789 4734 (zu
823 4664 958 4719 eia-st?
991 4664 1116 4735 We)
