3694 5582
1266 475 1460 527 contra.
1493 471 1816 527 Marcellum
1853 472 1883 525 1
1915 475 1965 526 4.
2002 472 2055 524 II
2093 475 2141 525 1.
2926 477 3003 540 31

387 639 708 722 ἐπιστολῇ
751 633 880 724 τὴν
923 631 1305 722 παράθεσιν
1347 642 1744 725 πεποίηται,
1791 628 1887 704 δι’
1930 639 2009 723 ὴς
2053 630 2260 718 αὗτὸς
2305 635 2491 706 εἶπεν
2535 628 2573 705 6
2619 629 3006 713 ἀπόστολος

391 734 516 818 »εἷς
567 735 692 823 γὰρ
755 730 792 804 ὁ
845 731 1034 818 θεός,
1097 734 1192 818 εἷς
1250 740 1363 806 καὶ
1421 743 1688 823 μεσίτης
1747 739 1918 805 θεοῦ
1976 741 2089 804 καὶ
2148 731 2581 824 ἀνθρώπων,
2628 732 3005 822 ἄνθρωπος

385 833 672 924 Χριστὸς
714 829 1016 924 Ἰησοῦςε.
1101 833 1366 922 ταύτην
1424 839 1546 921 μὲν
1609 837 1734 904 οὖν
1795 832 1926 922 τὴν
1987 830 2452 922 άποστολικὴν
2513 841 2693 920 λέξιν
2756 830 3003 904 ὦσανεὶ
3036 845 3105 900 66

386 931 706 1019 Εὖσεβίου
749 925 984 1018 οὖσαν,
1047 939 1476 1023 διαβέβληκεν
1503 932 1651 1054 ur)-
1679 941 1926 1014 συνιεὶς
1972 928 2010 1002 6
2056 933 2467 1020 σοφώτατος
2512 927 2621 1004 ὅτι
2668 931 2793 1004 τὸν
2832 929 3003 1004 άπό·

290 1048 320 1099 5
383 1046 636 1105 στολον
699 1037 1070 1118 διέβαλλεν·
1131 1031 1256 1117 τὰς
1316 1027 1380 1103 δ’
1437 1028 1651 1105 αὐτοῦ
1705 1031 1948 1118 φωνὰς
2000 1031 2123 1114 τὰς
2166 1035 2242 1101 ἐν
2284 1040 2369 1120 τῇ
2414 1027 2586 1120 αὐτῇ
2632 1036 3005 1121 φερομένας

383 1139 732 1221 ἐπιστολῇ,
793 1129 916 1215 τάς
976 1161 1052 1203 τε
1113 1137 1187 1204 ἐν
1230 1151 1377 1214 τοῖς
1429 1143 1697 1213 λοιποῖς
1752 1127 1966 1202 αὐτοῦ
2018 1129 2513 1252 συγγράμμασιν
2560 1149 2703 1214 τοῖς
2748 1133 2840 1213 εἰς
2882 1129 3006 1212 τὰς

381 1240 567 1316 θείας
628 1230 891 1320 γραφάς
950 1237 1478 1322 πεπονημένοις,
1552 1227 1595 1300 ἃ
1656 1231 1738 1320 δὴ
1798 1229 1977 1302 κατὰ
2032 1229 2265 1302 πάντα
2323 1228 2545 1302 τόπον
2605 1235 3005 1312 διαδέδοται,

382 1340 599 1422 σιωπῇ
643 1337 1144 1452 παραδέδωκεν,
1181 1330 1444 1417 κρύψας
1487 1336 1572 1418 τῇ
1619 1336 1628 1416 Ι
1677 1337 1904 1419 σιωπῇ
1950 1327 1991 1400 ά
2034 1329 2123 1420 μὴ
2170 1323 2319 1420 (ἦν)
2364 1349 2833 1417 συκοφαντεῖν.
2920 1328 3003 1400 τὸ
3038 1348 3244 1418 66180

383 1459 620 1521 ομοιον
663 1426 728 1501 δ’
775 1427 861 1501 ἀν
906 1423 1090 1517 εὕροι
1133 1461 1239 1513 τις
1284 1426 1500 1501 αυτὸν
1551 1429 1983 1518 πεποιηκότα
2042 1435 2153 1500 καὶ
2215 1434 2325 1502 ἐπὶ
2386 1438 2534 1502 τῶν
2586 1438 2856 1503 λοιπῶν
2902 1421 3017 1501 ὦν,

289 1544 350 1598 10
381 1536 813 1619 διαβέβληκεν
875 1527 1306 1619 γραμμάτων.
1392 1525 1434 1599 ά
1491 1527 1600 1618 δή,
1657 1525 1868 1619 λόγου
1927 1537 2332 1616 συμμετρίας
2385 1526 2796 1618 φειδόμενοι,
2856 1547 3002 1610 τοῖς

379 1635 732 1702 ἐθέλουσιν
791 1629 922 1718 τὴν
985 1628 1262 1702 τούτων
1315 1625 1551 1718 α’κριβῆ
1603 1639 1953 1699 ποιεῖσθαι
1996 1626 2361 1717 διάγνωσιν
2404 1625 3001 1718 παραχωρήσομεν,

379 1728 783 1811 σπεύδοντες
845 1725 1042 1801 αὐτοὶ
1103 1727 1235 1819 τὴν
1293 1726 1507 1800 αὐτοῦ
1569 1734 1973 1816 Μαρκέλλου
2031 1736 2188 1816 περὶ
2252 1735 2378 1799 τοῦ
2436 1731 2587 1800 υἱοῦ
2648 1736 2775 1801 τοῦ
2830 1734 3004 1800 θεοῦ

379 1837 812 1918 ξενοφωνίαν
873 1825 1000 1917 ἤδη
1055 1829 1302 1901 λοιπὸν
1361 1825 1830 1914 ἀποκαλύψαι,
1894 1825 1993 1910 ὥς
2052 1829 2137 1900 ἂν
2192 1827 2493 1918 φανερὸν
2544 1833 2812 1918 γένοιτο
2858 1848 3002 1912 τοῖς

379 1936 584 2000 πᾶσιν
629 1922 824 2011 ὅπως
869 1925 1076 2012 αὐτὸς
1120 1925 1394 2016 ἐφρόνει
1435 1935 1592 2015 περὶ
1635 1935 1762 2000 τοῦ
1804 1931 1956 1998 υἱοῦ
1998 1933 2127 1999 τοῦ
2168 1934 2355 2000 θεοῦ.

285 2217 346 2270 15
1643 2189 1742 2260 B'-
3038 2217 3111 2272 ει

617 2345 670 2404 α’
709 2343 865 2415 ὅπως
912 2346 1255 2420 Μάρκελλος
1296 2349 1439 2416 μήτε
1491 2341 1640 2404 εἶναι
1690 2349 1831 2416 μήτε
1886 2345 2279 2420 προϋπάρχειν
2332 2347 2433 2404 τὸν
2484 2344 2610 2404 υἱὸν
2659 2355 2765 2403 τοῦ·

701 2437 849 2490 θεοῦ
884 2432 1002 2506 πρὸ
1037 2438 1136 2500 τῆς
1169 2429 1234 2488 ἐκ
1267 2428 1561 2502 παρθένου
1595 2434 1911 2502 γεννήσεως
1948 2429 2227 2502 ἐδόξαζεν.

611 2513 668 2592 β’
705 2513 862 2583 ὅπως
897 2515 1240 2588 Μάρκελλος
1273 2513 1506 2587 ἐφρόνει
1539 2518 1674 2587 περὶ
1707 2523 1811 2571 τοῦ
1846 2513 1909 2572 ἐν
1943 2523 2023 2588 τῷ
2062 2519 2181 2589 θεῷ
2220 2516 2411 2589 λόγου.

616 2596 669 2671 γ’
705 2597 864 2666 ὅπως
898 2597 1132 2671 ἐφρόνει
1154 2599 1494 2670 Μάρκελλος
1527 2602 1660 2670 περὶ
1691 2606 1791 2668 τῆς
1827 2599 2039 2672 σαρκὸς
2074 2597 2138 2671 ἧς
2174 2599 2474 2671 ἀνείληφεν
2509 2598 2541 2656 ὁ
2576 2599 2765 2670 λόγος.

283 2704 346 2758 20
616 2677 666 2741 δ’
701 2684 906 2742 ὁποῖον
941 2683 1282 2756 Μάρκελλος
1316 2683 1517 2755 ἐπάγει
1551 2683 1714 2750 τέλος
1746 2691 1816 2754 τῇ
1852 2693 1952 2740 τοῦ
1985 2685 2239 2756 Χριστοῦ
2273 2685 2529 2760 βασιλείᾳ
2563 2687 2663 2740 καὶ
2695 2691 2765 2755 τῇ

703 2772 874 2844 σαρκὶ
909 2760 944 2841 ᾖ
979 2767 1298 2841 ἀνείληφεν.

539 2925 584 2993 1
636 2918 770 3009 Τὴν
813 2926 938 2991 τοῦ
983 2915 1306 2991 Γαλάτου
1357 2926 1590 2990 πίστιν
1642 2912 1686 3006 ἢ
1736 2924 1849 2990 καὶ
1890 2922 2158 3007 μᾶλλον
2202 2914 2331 3005 τὴν
2372 2912 2694 2989 άπιστίαν
2740 2918 2868 3039 {⁷⁸7⁹
2910 2924 3003 3003 εἰς
3111 2916 3297 3008 (ὅπως

375 3018 502 3142 τόν
564 3018 718 3092 υἱὸν
777 3024 906 3090 τοῦ
964 3024 1162 3103 θεοῦ,
1223 3015 1456 3106 καιρὸς
1515 3014 1644 3140 ἤδη
1705 3028 1902 3089 καλεῖ
1955 3015 2125 3105 μετὰ
2184 3017 2315 3105 τὴν
2373 3019 2645 3088 εκθεσιν
2697 3026 2845 3089 τῶν
2886 3014 2982 3089 ῦπ
2987 2988 3339 3159 ’λέζάῗξτλὲ

376 3116 594 3191 αὐτοῦ
655 3122 1172 3206 διαβληθέντων
1233 3124 1326 3201 είς
1389 3124 1537 3205 φῶς
1597 3114 1895 3207 άγαγετν,
1956 3122 2065 3186 καὶ
2129 3122 2139 3203 Ι
2206 3116 2337 3207 τὴν
2394 3116 2565 3205 χρόι
2567 3146 2665 3199 οις
2724 3138 3003 3207 μακροῖς
3040 3142 3116 3197 32
3220 3136 3368 3198 εἶναι

280 3234 344 3290 25
377 3216 926 3309 ἐνδομυχῆσασαν
987 3222 1087 3306 τῷ
1144 3212 1336 3307 άνδρὶ
1401 3221 1812 3303 κακοδοξίαν
1872 3216 2078 3305 βραχὺ
2138 3215 2631 3305 περιελθόντας
2694 3224 2821 3288 τοῦ
2882 3224 3003 3307 τῆς
3036 3228 3178 3312 μήτξ
3200 3231 3371 3297 ⁷500&-

375 3322 744 3405 ἐπιστολῆς
783 3315 1265 3406 προσχήματος
1309 3313 1820 3445 α’πογυμνῶσαι,
1884 3322 2090 3403 δεῖξαί
2151 3344 2226 3386 τε
2280 3334 2423 3398 τοῖς
2472 3322 2679 3388 πᾶσιν
2724 3315 2832 3388 διὰ
2880 3324 3003 3406 τῆς
3069 3292 3338 3417 τ’ζῇρξῖἑζ

378 3424 528 3489 τῶν
575 3412 788 3489 αυτοῦ
831 3424 1096 3503 φωνῶν
1144 3423 1512 3507 μαρτυρίας
1542 3411 1718 3499 οἷός
1779 3444 1883 3497 τις
1942 3408 2049 3484 ὢν
2111 3420 2234 3504 τῆς
2278 3421 2581 3501 Χριστοῦ
2630 3427 3001 3504 καθηγεῑτο
3072 3436 3173 3483 τοῦ
3204 3432 3350 3485 θεοῦ

375 3521 498 3591 4οῑ
541 3520 894 3607 ἐκκλησίας
940 3516 1342 3603 ἄνθρωπος,
1404 3512 1572 3605 μήτε
1623 3516 1793 3587 εἶναι
1846 3512 2017 3604 μήτε
2058 3512 2571 3603 προϋφεστάναι
2610 3511 2779 3603 μήτε
2824 3508 3003 3596 ολως
3036 3490 3375 3637 πέἐρέἶξοῗι

375 3617 670 3689 πώποτε
711 3615 864 3688 υἱὸν
903 3612 1201 3702 υπάρξαι
1243 3623 1346 3704 τῷ
1390 3621 1536 3705 θεῷ
1588 3612 1723 3700 πρὸ
1777 3622 1906 3686 τοῦ
1948 3621 2274 3703 τεχθῆναι
2328 3615 2438 3685 διὰ
2482 3621 2606 3705 τῆς
2648 3622 3005 3705 παρθένου
3038 3634 3353 3715 γεννήσεως

280 3732 344 3785 30
377 3714 708 3803 δοξάζων,
756 3712 924 3787 αὐτὸ
969 3721 1041 3786 δὲ
1083 3711 1300 3803 μόνον
1330 3715 1501 3786 εἶναι
1531 3712 1740 3801 λόγον
1761 3710 2075 3841 φάσκων,
2122 3720 2394 3803 συμφυᾶ
2423 3720 2525 3804 τῷ
2557 3722 2723 3805 θεῷ,
2769 3712 3005 3796 άιδίως
3040 3652 3353 3767 ἐδοξαζεν)

379 3812 571 3905 αὐτῷ
617 3810 916 3886 συνόντα
957 3820 1069 3885 καὶ
1113 3810 1494 3903 ἡνωμένον,
1558 3811 1772 3895 οἶος
1751 3810 1836 3883 ἀν
1882 3818 1979 3903 εἴη
2024 3819 2135 3884 καὶ
2180 3809 2218 3885 ό
2263 3818 2337 3885 ἐν
2382 3809 2735 3904 άνθρωπῳ
2782 3812 3001 3901 λόγος.

378 3914 614 4004 τούτῳ
658 3914 782 4003 γὰρ
835 3911 1042 3997 αὐτὸς
1080 3918 1324 4003 χρῆται
1365 3921 1468 4005 τῷ
1513 3920 2021 4003 παραδείγματι,
2068 3907 2277 4001 λόγον
2322 3913 2492 3985 εἶναι
2536 3912 2757 4003 φήσας
2801 3918 3002 3987 ἔνδον
3069 3936 3103 3991 2

378 4019 453 4085 ἐν
499 4011 689 4104 αὐτῷ
738 4020 840 4103 τῷ
885 4020 1059 4103 θεῷ,
1120 4019 1294 4084 ποτὲ
1335 4019 1460 4101 μὲν
1501 4010 1957 4103 ἡσυχάζοντα,
2012 4018 2185 4083 ποτὲ
2228 4018 2297 4083 δὲ
2351 4020 2779 4102 σημαντικῶς
2823 4017 3001 4101 ἐνερ-

555 4186 592 4241 2
639 4185 666 4239 I
697 4184 837 4240 Tim.
874 4186 922 4253 2,
960 4188 993 4241 5
1044 4214 1112 4224 -
1167 4184 1302 4241 281ῐ
1345 4185 1459 4256 vgl.
1497 4184 1588 4239 Nr.
1624 4186 1844 4240 42—44.
1884 4185 2087 4239 54—56
2120 4201 2174 4239 u.
2212 4184 2262 4237 S.
2280 4186 2364 4251 43,
2402 4184 2524 4240 13ff
2568 4204 2621 4239 u.
2657 4190 2706 4240 δ.
2752 4213 2819 4226 ——
2865 4187 3008 4243 8211

385 4288 493 4359 vgl.
529 4288 624 4343 Nr.
643 4288 726 4344 55.
765 4286 847 4343 56.
883 4287 952 4343 92
984 4303 1037 4340 u.
1074 4284 1126 4341 S.
1161 4288 1212 4351 4,
1249 4288 1373 4342 15ff
1417 4288 1468 4354 5,
1503 4286 1627 4341 32ff
1671 4288 1756 4350 43,
1793 4288 1916 4341 14ff

556 4438 593 4495 s
630 4424 700 4508 ἦν
733 4437 829 4491 Mo
875 4439 886 4505 ι
935 4439 1014 4494 10
1052 4438 1366 4510 συμμετρία
1385 4437 1449 4503 v,
1487 4454 1622 4493 corr.
1643 4437 1717 4490 m
1743 4437 1888 4491 nach
1924 4436 1974 4489 d.
2012 4436 2143 4491 2001.
2169 4438 2248 4492 th.
2276 4438 2370 4502 111,
2408 4440 2455 4499 τ,
2482 4438 2515 4491 2
2560 4438 2569 4505 ι
2620 4438 2694 4493 11
2733 4454 2999 4509 παραχω.

383 4542 650 4611 ρήσωμεν
667 4540 718 4593 V
767 4542 776 4609 Ι
825 4540 902 4597 12
921 4534 1096 4597 αὐτοῦ
1116 4539 1220 4594 We
1238 4532 1412 4608 αὐτὴν
1431 4540 1481 4593 V
1513 4540 1522 4607 Ι
1563 4538 1640 4593 14
1663 4537 1879 4591 danach
1904 4545 2021 4593 τῶν
2045 4537 2191 4611 πρὸς
2207 4536 2547 4610 Μάρκελλον
2582 4534 2833 4609 ἐλέγχων
2862 4541 2898 4595 ἁ
2916 4540 2971 4592 V
2993 4541 2999 4605 l

389 4644 465 4699 15
489 4638 554 4697 B'
583 4642 769 4698 hinter
792 4642 890 4699 der
909 4640 1342 4712 Capitelangabe
1363 4640 1410 4695 V
1440 4641 1450 4708 Ι
1483 4639 1691 4695 221113
1727 4634 1884 4705 ὅπως
1902 4670 1969 4679 -
1987 4636 2251 4707 ἐδόξαζεν
2269 4657 2306 4711 g
2334 4644 2345 4707 Ι
2377 4641 2455 4695 80
2475 4638 2650 4696 αὐτὸν
2668 4640 2733 4709 V,
2754 4659 2887 4695 corr.
2900 4640 3005 4696 We
