3694 5582
657 498 771 559 190
1821 488 2107 545 Eusebius.

651 652 964 730 ἑωσφόρον,
1000 659 1084 724 τίς
1117 660 1323 727 δήποτε
1359 652 1444 713 ὢν
1481 649 1650 723 οὗτος
1681 657 1972 729 τυγχάνει·
2012 648 2179 723 οὗτος
2202 657 2312 728 γὰρ
2338 653 2405 726 ἦν
2442 656 2475 711 ό
2504 664 2813 727 τηνικαῦτα
2848 661 3049 729 φανεὶς
3070 656 3263 729 ἀστήρ,

651 738 684 795 ό
723 740 913 813 φέρων
947 760 1008 797 τε
1043 744 1143 798 καὶ
1177 745 1360 811 δηλῶν
1395 745 1496 811 τὴν
1530 740 1752 810 ἡμέραν
1785 750 1907 807 τοῖς
1941 740 2167 812 μάγοις.
2221 742 2509 812 πρόδηλον
2544 734 2645 797 οὖν
2680 738 2746 796 τὸ
2788 741 2929 813 »πρὸ
2966 738 3265 813 ἑωσφόρον

649 822 922 896 ἐγέννησά
977 844 1068 883 σειν
1127 822 1238 881 ὑπὸ
1282 834 1386 881 τοῖ’
1428 824 1900 898 παντοκράτορος
1944 824 2209 897 εἰρῆσθαι
2240 826 2520 882 δεσπότου
2554 829 2687 899 περὶ
2719 834 2823 884 τοῦ
2858 827 2949 884 διὰ
2984 834 3085 895 τῆς
3118 846 3261 896 παρ·

647 910 824 967 θένου
857 910 1234 982 γεννηθέντος
1269 911 1368 966 σὺν
1403 918 1472 981 τῇ
1507 908 1844 983 ἀνθρωπίνῃ
1882 912 2050 984 σαρκὶ
2084 910 2285 981 λόγου,
2324 916 2525 981 σαφῶς
2558 914 2657 967 καὶ
2690 919 2859 968 τοτ’-το
2897 920 2999 967 τοι·-
3032 909 3265 982 εὐαγγε-

581 994 614 1043 5
648 996 774 1050 λίου
811 996 1212 1065 σημαίνοντος,
1257 994 1544 1067 πρότερον
1585 996 1692 1064 μὲν
1729 995 1830 1051 τὸν
1865 996 2145 1065 δεσπότην
2188 996 2351 1065 ἡμῶν
2396 995 2487 1051 διὰ
2521 1002 2623 1064 τῆς
2656 995 2952 1069 παρθένου
2984 994 3265 1067 τετέχθαι,

650 1074 888 1151 ὕστερον
925 1080 985 1137 δὲ
1017 1080 1122 1135 τὸν
1158 1078 1368 1151 ἀστέρα
1398 1086 1644 1150 φανῆναι
1679 1078 1782 1135 τὸν
1814 1081 1917 1149 τὴν
1954 1078 2171 1151 ἡμέραν
2206 1079 2513 1136 δεικνύντα.

817 1248 912 1301 Nr.
951 1250 1018 1303 32
1055 1248 1154 1316 (Rae
1189 1249 1274 1315 27)
1323 1244 1446 1303 ἐπεὶ
1479 1246 1664 1302 πόθεν
1701 1247 1834 1315 ἡμῖν
1870 1244 1937 1303 ἐκ
1970 1252 2085 1303 τῶν
2119 1248 2298 1303 θείων
2332 1248 2667 1317 δυνήσονται
2701 1249 2878 1313 δεῖξαι
2912 1245 3123 1319 ῥητῶν,
3178 1244 3266 1304 ὅτι

649 1324 748 1397 εἷς
789 1331 914 1399 μὲν
967 1329 1369 1403 ἀγέννητος,
1417 1324 1515 1396 εἷς
1557 1331 1626 1387 δὲ
1681 1332 2011 1401 γεννητὸς
2062 1326 2265 1399 οὕτως,
2319 1328 2400 1398 ὥς
2450 1329 2614 1387 αὐτοὶ
2665 1334 3042 1403 γεγεννῆσθαι
3092 1328 3265 1386 αὐτὸν

647 1414 1100 1481 πεπιστεύκασιν,
1143 1410 1274 1472 οὔτε
1327 1422 1639 1486 προφητῶν
1687 1411 1814 1471 οὔτε
1854 1415 2267 1487 εὐαγγελιστῶν
2310 1415 2345 1485 ἢ
2380 1413 2718 1472 ἀποστόλων
2752 1409 2905 1470 τοῦτ’
2940 1414 3263 1487 εἰρηκότων.

545 1588 612 1639 10
813 1583 910 1637 Nr.
949 1585 1014 1638 33
1051 1582 1154 1649 (Re
1190 1584 1276 1651 28)
1315 1582 1348 1638 ό
1380 1583 1574 1639 τοίνυν
1611 1578 1764 1653 ἱερὸς
1799 1580 2121 1648 ἀπόστολός
2154 1602 2217 1639 τε
2250 1585 2349 1639 καὶ
2382 1585 2644 1651 μαθητὴς
2666 1588 2768 1637 τοι·-
2790 1582 2989 1652 κυρίου
3008 1576 3267 1649 Ἰωάννης

645 1673 744 1734 τῆς
796 1664 1114 1737 ἀιδιότητος
1159 1664 1334 1723 αὐτοῦ
1365 1666 1743 1736 μνημονεύων
1795 1664 2012 1737 ἀληθὴς
2046 1665 2303 1738 ἐγίγνετο
2342 1674 2443 1723 τοῦ
2478 1666 2655 1737 λόγου
2688 1664 2929 1736 μάρτυς,
2990 1664 3081 1722 »ἐν
3116 1663 3263 1735 ἀρχῇ

647 1750 713 1819 ἦν
750 1750 782 1805 ὁ
817 1751 1018 1822 λόγος«
1055 1749 1237 1822 λέγων
1277 1753 1404 1806 »καὶ
1435 1748 1469 1805 ό
1504 1752 1677 1821 λόγος
1713 1750 1780 1821 ἢν
1813 1753 1959 1822 πρὸς
1992 1752 2094 1808 τὸν
2129 1752 2297 1817 θεόν,
2331 1752 2431 1807 καὶ
2464 1750 2604 1815 θεὸς
2640 1747 2707 1819 ἦν
2744 1749 2777 1805 ό
2812 1750 3030 1821 λόγος’.
3104 1748 3263 1805 οὐδὲν

645 1834 919 1905 γενέσεως
978 1832 1229 1892 ἐνταῦθα
1279 1834 1658 1904 μνημονεύων
1707 1843 1811 1891 τοῦ
1865 1836 2067 1907 λόγου,
2130 1832 2254 1891 ἀλλ’
2302 1833 2640 1905 ἐπαλλήλοις
2688 1836 2875 1904 τρισὶν
2926 1836 3265 1903 μαρτυρίαις

642 1917 956 1991 χρώμενος,
991 1918 1256 1993 ἐβεβαίου
1291 1916 1352 1976 ἐν
1389 1917 1536 1991 ἀρχῇ
1571 1918 1672 1975 τόν
1707 1922 1884 1991 λόγον
1908 1914 2083 1983 εἶναι.

546 2098 608 2149 15
817 2086 910 2140 Nr.
947 2090 1014 2141 34
1049 2088 1150 2155 (Re
1184 2090 1272 2154 29)
1307 2082 1620 2155 ὑπομνήσω
1653 2084 1712 2141 δέ
1749 2104 1810 2143 σε
1849 2078 1933 2141 ὧν
1970 2084 2141 2151 αὐτὸς
2176 2087 2465 2157 γέγραφεν
2504 2082 2911 2154 συνιστάμενος
2934 2092 3053 2150 τοῖς
3074 2091 3265 2150 κακῶς

645 2166 754 2225 ὑπὸ
791 2165 1066 2243 Εὖσεβίου
1101 2178 1418 2243 γραφεῖσιν,
1451 2166 1549 2225 ἵνα
1585 2177 1734 2241 γνῷς
1771 2166 1859 2226 ὅτι
1894 2168 2199 2241 ἀφίσταται
2236 2177 2433 2241 σαφῶς
2467 2178 2565 2239 τῆς
2588 2168 2871 2241 προτέρας
2906 2166 3261 2241 ἐπαγγελίας.

641 2253 928 2326 γέγραφεν
965 2256 1074 2327 γὰρ
1113 2254 1311 2321 αὶταῖς
1335 2255 1551 2322 λέξεσιν
1577 2248 1782 2321 οὕτως·
1817 2256 1895 2311 τὸ
1933 2256 2061 2326 γὰρ
2096 2255 2491 2326 κεφάλαιον
2528 2249 2713 2311 εἶναι
2746 2260 2864 2322 τῆς
2899 2250 3264 2323 ἐπιστολῆς

642 2336 754 2395 ἐπὶ
787 2343 908 2409 τὴν
942 2344 1199 2414 βουλὴν
1235 2348 1356 2395 τοῦ
1391 2340 1655 2407 πατρὸς
1690 2337 2097 2411 ἀνενεγκεῖν
2130 2350 2251 2397 τοῦ
2294 2340 2447 2397 υὶοΐ·
2494 2343 2613 2410 τὴν
2657 2338 2959 2409 γένεσιν,
3011 2340 3125 2394 καὶ
3175 2342 3263 2407 μὴ

643 2422 870 2492 πάθος
905 2424 1264 2495 ἀποφῆναι
1299 2432 1418 2479 τοῦ
1453 2428 1620 2479 θεοῖ·
1655 2428 1774 2493 τὴν
1811 2428 2039 2495 γονήν.
2112 2420 2282 2496 ὅπερ
2322 2423 2389 2481 οὶ
2422 2422 2827 2494 σοφώτατοι
2880 2429 3015 2479 τῶν
3060 2422 3261 2479 πατέ-

541 2519 610 2570 20
643 2528 779 2581 ρων
837 2507 908 2566 ἐν
959 2518 1108 2575 τοῖς
1167 2508 1468 2575 οἰκείοις
1526 2506 2001 2580 συντάγμασιν
2059 2507 2533 2579 ἀπεφήναντο,
2598 2505 3077 2579 φυλαξάμενοι
3132 2515 3264 2563 τῶν

644 2590 1018 2665 αἱρετικῶν
1053 2598 1172 2664 τὴν
1209 2592 1561 2666 ἀσέβειαν,
1599 2590 1662 2648 οἳ
1699 2596 2095 2665 σωματικήν
2140 2614 2291 2650 τινα
2337 2598 2453 2651 καὶ
2488 2596 2883 2663 παθητικὴν
2918 2592 3255 2662 κατεψεύ-

644 2697 854 2735 σαντο
889 2686 1010 2734 τοῦ
1044 2682 1215 2735 θεοῦ
1249 2682 1369 2748 τὴν
1403 2680 1893 2750 τεκνογονίαν,
1930 2680 2051 2745 τὰς
2085 2679 2443 2753 προβολὰς
2476 2678 3041 2749 δογματίζοντες.

813 2831 906 2884 Nr.
948 2833 1013 2886 35
1075 2831 1178 2898 (Re
1230 2831 1318 2897 30)
1377 2823 1526 2887 ὥστε
1586 2837 1967 2903 συνηγορῆσαι
2022 2829 2274 2906 Εὗσεβίῳ
2327 2836 2519 2896 κακῶς
2569 2827 2860 2901 γράψαντι
2910 2828 3265 2900 βουλόμενος

645 2909 942 2986 Ἀστέριος,
981 2911 1250 2982 φύσεώς
1282 2934 1353 2970 τε
1391 2915 1650 2988 πατρὸς
1683 2919 1797 2972 καὶ
1833 2914 2100 2984 φύσεως
2136 2913 2563 2985 [ἀ]γεννητοῦ
2614 2911 3038 2983 μνημονεύσας,
3094 2909 3263 2977 αὐτὸς

539 3003 608 3058 25
645 2993 852 3055 ἑαυτοῦ
883 3001 1206 3073 κατήγορος
1257 2999 1509 3070 γέγονεν.
1581 2999 1726 3056 πολὺ
1777 2999 1889 3072 γὰρ
1940 3001 2167 3072 βέλτιον
2220 2997 2287 3069 ἣν
2338 2999 2413 3054 τὸ
2468 2997 2690 3072 βάθος
2739 3005 2861 3054 τοῦ
2912 2997 3263 3066 νοήματος

646 3081 1012 3154 Εὐσεβίου,
1049 3079 1130 3149 ὡς
1165 3080 1336 3148 αὐτὸς
1370 3083 1682 3157 γέγραφεν,
1735 3081 1805 3140 ἐν
1847 3086 2275 3159 βραχυλογίᾳ
2310 3087 2637 3152 κείμενον
2686 3080 3060 3149 ἀνεξέταστον
3095 3099 3263 3137 κατα-

643 3172 850 3235 λιπεῖν,
905 3166 938 3237 ἦ
992 3167 1222 3237 τοιαύτῃ
1273 3171 1491 3245 θεωρίᾳ
1543 3167 1908 3242 χρησάμενον
1960 3167 2025 3224 τὸ
2080 3176 2411 3240 πανοῦργον
2462 3176 2565 3223 τοῦ
2615 3166 2959 3239 γράμματος
3009 3163 3090 3230 εἰς
3142 3171 3266 3234 φῶς

644 3250 897 3324 ἀγαγεῖν.

813 3403 906 3458 Nr.
935 3407 1000 3458 36
1037 3403 1137 3470 (Re
1160 3405 1247 3469 31)
1282 3401 1349 3459 τὸ
1386 3401 1492 3472 μὲν
1531 3395 1630 3457 οὖν
1667 3401 1796 3474 πρὸ
1833 3409 1971 3460 τῶν
2008 3399 2283 3458 αἰώνων
2320 3399 2532 3458 αὐτόν
2568 3402 3039 3473 γεγεννῆσθαι
3074 3406 3266 3469 φῆσαι,

542 3495 610 3546 30
645 3484 983 3553 ἀκολούθως
1035 3485 1320 3557 εἰρηκέναι
1373 3489 1552 3543 δοκεῖ·
1611 3487 1865 3558 γέννημα
1918 3486 2030 3559 γὰρ
2076 3487 2151 3543 τὸ
2188 3486 2481 3560 προελθὸν
2515 3494 2617 3542 τοῦ
2654 3483 2978 3557 προεμένου
3014 3485 3267 3554 γίγνεται

644 3571 874 3643 πατρός.
945 3572 1198 3643 θάτερον
1249 3564 1306 3626 δ’
1359 3569 1546 3628 οὐκέτι
1597 3569 1769 3641 ὑγιῶς
1821 3565 1949 3628 οὐδ’
1992 3567 2239 3643 εὐσεβῶς
2286 3569 2437 3643 αὐτῷ
2474 3571 2866 3642 παρείληπται.
2938 3567 3005 3624 τὸ
3042 3567 3152 3638 γὰρ
3188 3569 3265 3637 μὴ

642 3656 820 3726 λόγον
855 3650 1002 3713 εἶναι
1054 3663 1228 3726 φῆσαι
1261 3656 1363 3712 τὸν
1409 3653 1470 3722 ἐξ
1506 3654 1680 3712 αὺτοῦ
1715 3657 2081 3730 προελθόντα
2127 3658 2225 3711 καὶ
2260 3664 2463 3712 τοῦτον
2500 3648 2647 3712 εἶναι
2682 3653 2783 3709 τὸν
2818 3658 2918 3721 τῆς
2952 3656 3269 3722 γεννήσεως

645 3738 832 3810 ἀληθῆ
865 3740 1098 3812 τρόπον,
1135 3733 1255 3797 ἀλλ’
1292 3735 1488 3804 ἁπλῶς
1521 3737 1672 3798 υἱὸν
1707 3741 1952 3810 μζόνον,
1991 3737 2236 3810 ἔμφασίν
2271 3760 2399 3796 τινα
2424 3747 2543 3804 τοῖς
2566 3736 2873 3796 ἀκούουσιν
2899 3734 3269 3811 ἀνθρωπίνης

647 3820 838 3895 ὅψεως
873 3824 1142 3897 παρέχειν
1179 3821 1400 3881 εἴωθεν.

823 3993 984 4048 7-9
1027 3993 1120 4056 28,
1155 3993 1379 4046 27-30
1437 4025 1503 4032 -
1555 3993 1819 4047 10—14
1872 3993 1960 4055 37,
1996 3991 2219 4054 11-16,·
2256 3991 2525 4047 10-13
2578 3989 2795 4060 (λόγου)
2848 3989 2971 4056 107,
3008 3989 3154 4042 3-7
3198 4017 3265 4026 --

645 4061 899 4115 15—22
933 4061 1014 4125 19,
1051 4061 1260 4113 11—20
1295 4091 1358 4098 —
1396 4061 1661 4116 23—28
1697 4061 1774 4126 19,
1809 4061 2039 4112 23—28
2066 4091 2132 4098 —
2170 4059 2437 4115 29-34
2474 4059 2561 4122 36,
2598 4057 2753 4113 2-8.
2824 4057 2949 4124 106,
2986 4055 3205 4110 30-36

819 4196 854 4250 2
891 4195 977 4250 Ps.
1018 4199 1133 4262 109,
1169 4199 1202 4250 3
1237 4227 1303 4234 —
1343 4197 1377 4252 ὅ
1415 4196 1612 4250 Matth.
1653 4198 1698 4260 1,
1736 4195 1802 4249 25
1837 4225 1905 4233 -
1942 4195 1979 4249 6
2016 4195 2217 4250 Matth.
2254 4195 2303 4260 2,
2340 4196 2373 4248 2
2408 4225 2474 4232 —
2515 4195 2587 4249 11
2627 4193 2753 4248 Joh.
2794 4195 2841 4258 1,
2868 4193 2895 4245 1
2934 4221 3002 4230 --
3042 4194 3117 4247 16
3154 4191 3265 4260 vgl.

643 4263 733 4319 Nr.
775 4263 840 4318 78
875 4281 923 4317 a.
962 4263 1022 4318 E.
1071 4294 1136 4303 —-
1175 4265 1286 4332 vgl.
1322 4263 1650 4320 Theodoret.
1684 4262 1738 4316 h.
1776 4279 1821 4317 e.
1863 4266 1909 4328 1,
1946 4267 1977 4319 5
2015 4293 2079 4301 -—
2118 4263 2196 4318 29
2232 4262 2343 4332 vgl.
2381 4261 2476 4318 Nr.
2516 4265 2580 4318 18

815 4399 850 4453 ὅ
885 4395 1150 4468 τετέχθαι
1185 4397 1271 4452 V²
1302 4417 1349 4453 a.
1387 4399 1477 4460 R.;
1513 4417 1590 4466 τε,
1625 4399 1849 4468 τεχθείς
1884 4399 1966 4450 V*
2031 4399 2039 4463 Ι
2107 4398 2187 4452 10
2219 4415 2280 4453 τε
2318 4407 2383 4456 <
2423 4399 2536 4464 107,
2571 4399 2604 4450 3
2672 4399 2679 4463 Ι
2746 4396 2819 4451 11
2860 4399 2961 4462 τῆς
2995 4405 3059 4452 <
3100 4396 3265 4458 107,4

645 4467 650 4489 “
713 4467 790 4522 12
826 4465 1008 4536 λέγων
1047 4477 1112 4524 <
1152 4466 1198 4520 V
1235 4468 1351 4532 107,
1388 4469 1420 4522 5
1486 4469 1493 4534 Ι
1560 4468 1636 4523 15
1675 4463 1845 4530 αὐτὸς
1878 4485 1935 4520 m
1972 4466 2167 4530 αὐτοῖς
2202 4465 2247 4517 V
2316 4465 2325 4531 l
2390 4461 2837 4532 συνεσταλμένος
2872 4481 2925 4515 m
2968 4463 3127 4530 (-νως
3160 4466 3265 4522 mr}

645 4524 650 4598 ἓ
713 4535 790 4590 16
845 4530 1196 4604 ἀπαγγελίας
1231 4535 1304 4588 V¹
1371 4535 1380 4601 Ι
1446 4537 1523 4592 18
1577 4533 1838 4604 γέννισιν
1892 4535 1973 4588 Re
2111 4533 2189 4588 24
2284 4539 2521 4601 εννητοῢ
2565 4532 2646 4587 Re
2709 4532 2717 4599 Ι
2784 4531 2861 4586 25
2914 4525 3125 4585 ἑαυτοῦ
3160 4529 3267 4582 We

644 4598 826 4673 ἑαυτῷ
863 4601 910 4653 V
977 4603 986 4670 l
1049 4600 1234 4673 βάθος
1268 4603 1346 4656 Re
1384 4602 1625 4667 σκότοςῖ
1737 4618 1768 4655 e
1801 4599 1995 4666 πάθος
2128 4603 2137 4668 Ι
2196 4603 2233 4656 8
2311 4597 2485 4656 αὐτὸν
2522 4596 2970 4670 παραλέλειπται
2988 4597 3035 4648 V
3059 4597 3173 4664 106,
3198 4599 3267 4650 33

646 4671 652 4736 ξ
714 4670 789 4723 3⁶2
825 4671 1051 4740 τοῦτον]
1091 4677 1154 4734 -f-
1190 4671 1266 4738 μὴ
1305 4669 1382 4724 Re
1447 4673 1454 4738 Ι
1520 4671 1598 4725 83
1634 4664 1849 4737 ἁπλῶς]
1889 4667 2120 4737 ἀληθῶς
2157 4671 2270 4734 106,
2306 4671 2373 4722 35
