3694 5582
647 496 724 558 80
1821 479 2089 538 Eusebius

644 656 756 721 καὶ
798 644 950 740 μεθ’
997 649 1196 737 ἕτερα
1241 645 1472 736 ἐπάγει
1516 652 1740 735 λέγων

773 754 860 836 (N
862 778 910 820 r.
953 755 1058 835 44)
1105 743 1392 828 εἰκότως
1437 737 1560 818 οὖν
1603 742 1739 834 πρὸ
1785 749 1909 834 τῆς
1950 742 2263 817 καθόδου
2302 751 2516 818 τοῦτο
2560 737 2667 836 ἦν,
2712 739 2885 834 ὅπερ
2928 742 3263 828 πολλάκις

771 853 1055 938 ἔφαμεν,
1118 843 1344 934 λόγος·
1429 843 1599 934 μετὰ
1661 851 1734 916 δὲ
1792 843 1926 933 τὴν
1967 839 2281 915 κάθοδον
2322 853 2431 916 καὶ
2478 845 2610 936 τὴν
2649 853 2773 936 τῆς
2813 843 3059 935 σαρκὸς
3102 841 3260 918 ἀνά-

773 959 979 1038 ληψιν
1017 944 1374 1036 διαφόρων
1414 952 1528 1016 καὶ
1571 950 1717 1018 τῶν
1759 947 2150 1033 ἒπηγοριῶν
2192 941 2574 1034 τετύχηκεν.

577 1062 610 1114 5
643 1055 864 1122 ταῦτα
921 1053 1044 1138 μὲν
1102 1037 1224 1118 οὖν
1270 1040 1365 1117 δι’
1411 1037 1514 1115 ῶν
1554 1043 1961 1133 Μάρκελλος
2003 1039 2349 1115 άλίσκεται
2391 1043 2519 1116 τὸν
2559 1051 2685 1134 μὲν
2726 1043 2880 1117 υἱὸν
2923 1051 3048 1118 τοῦ
3090 1051 3259 1115 θεοῦ

645 1149 772 1221 τὸν
819 1141 990 1219 ὄντα
1033 1155 1144 1217 καὶ
1189 1153 1418 1233 ζῶντα
1460 1151 1574 1216 καὶ
1637 1140 1922 1232 άληθῶς
1980 1143 2135 1215 υἱὸν
2186 1135 2357 1214 ὄντα
2409 1139 2855 1234 ἀρνούμενος,
2918 1140 3129 1233 λόγον
3188 1149 3261 1215 δὲ

642 1248 850 1338 ψιλὸν
895 1243 1203 1335 εἰσάγων.
1275 1251 1606 1316 δέδεικται
1648 1249 1721 1314 δὲ
1750 1242 1862 1314 διὰ
1890 1250 2039 1314 τῶν
2067 1243 2455 1333 ἔμπροσθεν
2482 1250 3004 1332 παρατεθεισῶν
3046 1239 3261 1314 αὐτοῦ
3328 1263 3363 1316 5

643 1353 909 1436 φωνῶν
951 1353 1063 1416 καὶ
1105 1339 1354 1416 ὁποῖον
1399 1340 1611 1420 αὐτὸν
1655 1343 1826 1414 εἶναι
1872 1337 2083 1430 λόγον
2124 1338 2515 1428 ὑπετίθετο,
2558 1349 3047 1432 παραδείγματι
3090 1341 3260 1431 χρῶ-

642 1476 843 1537 μενος
887 1451 989 1535 τῷ
1039 1442 1458 1536 ἀνθρωπείῳ
1505 1440 1690 1532 λόγῳ
1733 1441 1807 1513 ἕν
1855 1469 1931 1512 τε
1969 1447 2085 1512 καὶ
2127 1438 2387 1514 ταύτὸν
2431 1443 2601 1514 εἶναι
2630 1449 2855 1531 λέγων
2898 1438 3113 1513 αὐτὸν
3157 1446 3257 1530 τῷ

543 1555 608 1609 10
643 1553 811 1637 θεῶ.
894 1553 1007 1617 καὶ
1053 1544 1135 1634 δὴ
1181 1543 1441 1632 ταύτην
1500 1539 1717 1633 ἀρχὴν
1776 1536 2362 1631 ὑποστησάμενος,
2418 1539 2825 1626 ἀκολούθως
2868 1545 2944 1614 ἐκ
2987 1547 3109 1630 τῆς
3150 1547 3261 1614 δο-

642 1655 878 1735 θείσης
939 1641 1132 1733 αὐτῷ
1191 1640 1590 1725 ὑποθέσεως
1651 1647 1765 1713 ἐπὶ
1824 1639 1909 1712 τὸ
1979 1637 2525 1728 καταψεύδεσθαι
2598 1647 2722 1730 τῆς
2794 1640 3264 1713 θεοπνεύστου

641 1752 904 1837 γραφῆς
949 1739 1409 1833 διαστρόφους
1461 1771 1536 1813 τε
1590 1737 1802 1830 αὐτῆς
1852 1748 2199 1811 ποιεῖσθαι
2252 1738 2376 1823 τὰς
2429 1743 2772 1830 ἑρμηνείας
2824 1745 3263 1831 <προῆλθεν>.

809 1851 890 1918 19
945 1835 1047 1915 ὧν
1097 1850 1407 1931 βραχείας
1449 1846 1561 1914 ἐπὶ
1612 1847 1740 1912 τοῦ
1790 1837 2139 1927 παρόντος
2196 1845 2426 1923 καλῶς
2480 1844 2654 1929 ἔχειν
2704 1837 2925 1931 ἐφάνη
2968 1871 3083 1932 μοι
3125 1848 3263 1913 δια·
3334 1849 3495 1920 ὅπως
3528 1853 3585 1910 αἱ

646 1950 1056 2030 σκέψασθαι,
1102 1962 1247 2023 τοῖς
1292 1969 1366 2012 τε
1411 1937 1776 2031 ἀγνοοῦσιν
1820 1943 2169 2025 ἐπιδεῖξαι,
2224 1935 2321 2020 ῶς
2365 1935 2639 2030 οὐδεμία
2690 1947 2813 2029 μὲν
2858 1936 3049 2030 αὐτῷ
3091 1969 3259 2013 νεω-
3296 1925 3621 2059 ἶῖῗῇαὲὐγὲἓζ

3212 2035 3231 2064 ³

540 2055 606 2108 15
644 2052 983 2132 τερίζοντι
1027 2048 1137 2113 καὶ
1192 2047 1316 2130 τῆς
1355 2037 1582 2130 ῦγιοῦς
1627 2043 2103 2129 ἐκτρεπομένῳ
2159 2044 2457 2122 πίστεως
2500 2037 2770 2132 συνᾴδει
2811 2038 3059 2130 γραφή,
3104 2067 3259 2112 του·
3296 2077 3400 2114 νον
3460 2059 3622 2126 λόγον

642 2150 929 2217 ναντίον
1003 2147 1074 2213 δὲ
1133 2146 1345 2211 πᾶσαι
1402 2135 1987 2228 ἀντιφθέγγονται
2056 2144 2169 2208 καὶ
2232 2134 2842 2228 ἀντιμαρτυροῦσιν
2914 2158 3064 2222 ταῖς
3133 2135 3259 2212 οῦκ
3318 2121 3467 2212 ἀλλρῑ
3504 2127 3623 2230 ²2²,

644 2239 878 2332 ὀρθῶς
941 2237 1132 2331 αὐτῷ
1183 2249 1775 2329 παραληφθείσαις
1829 2235 2225 2328 διηγήσεσιν.
2310 2231 2479 2326 ὅπερ
2540 2243 2741 2328 ἐχρῆν
2797 2236 3091 2328 μάλιστα
3148 2245 3259 2313 55*
3294 2212 3495 2331 ἐξάξει
3520 2209 3619 2328 2⁸:25³

641 2361 790 2425 τοῖς
834 2339 964 2412 τὸν
1007 2339 1220 2428 ἄνδρα
1266 2346 1556 2429 τιμῶσιν
1600 2345 2043 2426 ἐνδείξασθαι,
2087 2333 2341 2427 μήποτ’
2388 2335 2519 2425 ἄρα
2564 2367 2667 2420 τις
2710 2334 2946 2410 αὐτῶν
2990 2335 3260 2431 ἀπειρίᾳ
3316 2333 3417 2396 τῆς
3454 2327 3605 2384 ἐναν·

643 2450 790 2514 τῶν
835 2449 1052 2514 θείων
1097 2436 1658 2528 ἀναγνωσμάτων
1703 2434 2060 2527 τυγχάνειν
2092 2435 2306 2508 αὐτὸν
2336 2443 2461 2509 τοῦ
2490 2441 2614 2526 τῆς
2643 2431 2973 2526 ἀληθείας
3000 2444 3261 2510 σκοποῦ
3298 2399 3621 2528 σείἳωῇῗό.

539 2551 607 2605 20
643 2548 993 2628 νομίσειεν.
1082 2547 1193 2609 καὶ
1238 2538 1319 2626 δὴ
1363 2543 1576 2609 τοῦτο
1628 2543 1918 2624 πρῶτον
1970 2541 2495 2626 διασκοπητέον,
2544 2529 2583 2606 ὃ
2628 2535 2709 2625 δὴ
2751 2545 2865 2608 καὶ
2909 2542 3257 2626 <πρῶτον>
3296 2549 3339 2603 2.
3452 2551 3623 2618 μαζον

644 2637 1063 2730 τετόλμηκεν
1109 2633 1622 2726 ἀποφήνασθαι,
1665 2645 1832 2724 πρὶν
1877 2642 2205 2724 τεχθῆναι
2250 2634 2359 2706 διὰ
2404 2640 2527 2725 τῆς
2568 2643 2926 2723 παρθένου
2952 2636 3079 2709 τὸν
3107 2636 3261 2710 υἱὸν
3328 2635 3431 2734 ῖὸξ
3479 2631 3596 2735 ῑὶῧξ

643 2745 771 2812 τοῦ
830 2743 999 2811 θεοῦ
1058 2736 1148 2827 μὴ
1209 2741 1585 2826 κεκλῆσθαι
1645 2735 1855 2825 ἑτέρῳ
1910 2730 2199 2825 ὀνόματι
2255 2730 2299 2825 ἢ
2360 2731 2589 2823 λόγον.
2670 2732 2843 2827 μήτε
2902 2736 3031 2826 γὰρ
3090 2739 3259 2810 εἶναι
3318 2720 3421 2756 τοι
3458 2705 3609 2757 ‘⁹⁶⁰¹‘

643 2836 858 2912 αὐτόν
902 2867 970 2909 τι
1023 2837 1160 2925 πρὸ
1215 2843 1337 2927 τῆς
1389 2832 1722 2923 ἐνσάρκου
1763 2843 2133 2925 παρουσίας
2186 2840 2196 2923 1
2250 2830 2295 2924 ἢ
2354 2831 2593 2924 λόγον,
2654 2832 2811 2926 μήτ’
2856 2832 3257 2926 ὠνομάσθαι
3294 2853 3375 2909 88

643 2941 890 3027 ἑτέρως
933 2944 990 3008 εἰ
1031 2938 1121 3028 μὴ
1166 2936 1296 3025 ἄρα
1354 2940 1821 3025 προφητικῶς,
1886 2930 2095 3023 λόγον
2154 2932 2280 3022 γὰρ
2333 2936 2509 3007 εἷναί
2558 2964 2635 3007 τε
2684 2944 2798 3009 καὶ
2852 2932 3257 3029 ω’νομάσθαι

539 3049 606 3103 25
643 3046 755 3109 καὶ
797 3033 996 3109 οῦδὲν
1043 3038 1279 3127 ἕτερον
1325 3033 1582 3123 φάσκει,
1627 3033 1798 3124 μετὰ
1842 3039 1916 3105 δὲ
1960 3033 2089 3123 τὴν
2119 3034 2451 3121 ἔνσαρκον
2478 3045 2858 3124 παρουσίαν
2902 3033 3257 3126 διαφόρων

639 3145 752 3208 καὶ
796 3144 945 3208 τῶν
985 3140 1376 3224 ἐπηγοριῶν
1419 3139 1873 3224 τετυχηκέναι.

805 3242 890 3311 20
947 3242 1158 3308 τοῦτο
1221 3233 1302 3324 δὴ
1367 3226 1490 3306 οὖν
1550 3240 1841 3324 πρῶτον
1912 3237 2219 3306 δεικτέον
2282 3230 2567 3323 ἀμαθῶς
2638 3241 2752 3306 καὶ
2823 3242 2971 3307 τῶν
3040 3241 3257 3307 θείων
3338 3250 3587 3325 napa-95·

640 3341 930 3427 γραφῶν
969 3331 1532 3423 ἀνεπιστημόνως
1577 3328 1790 3405 αὐτὸν
1835 3328 2393 3423 ἀποφηνάμενον,
3342 3336 3461 3379 σεις
3492 3322 3587 3375 καὶ

850 3435 866 3460 r
1055 3443 1087 3456 .-
1487 3432 1502 3453 ε
1668 3429 1686 3456 ³
1744 3432 1760 3454 κ
1872 3426 1891 3453 t
2224 3428 2241 3455 ³
2572 3431 2589 3455 ἱ
2676 3428 2695 3457 >
2805 3430 2826 3455 e
3100 3431 3121 3458 ς
3228 3434 3243 3457 ,
3319 3384 3605 3459 ἑρμηνεῖαι

807 3466 884 3508 α.
931 3463 1213 3525 πρῶτος
1265 3441 1387 3523 μὲν
1431 3460 1556 3523 γαρ
1603 3462 1808 3516 αυτος
1854 3462 1892 3503 ο
1936 3443 2123 3515 θεῖος
2166 3442 2637 3523 ευαγγελιστης
2685 3443 3021 3525 Ιωαννης,
3082 3466 3121 3507 ο
3174 3440 3255 3524 δη
3352 3459 3580 3527 μερικαὶ

535 3546 606 3601 30
639 3533 849 3623 λόγον
894 3530 1104 3605 αὐτὸν
1150 3528 1476 3617 ἀνειπῶν,
3328 3530 3447 3577 τῶν
3484 3520 3595 3577 ἀπὸ

804 3630 881 3717 β’.
945 3630 1068 3705 οῦκ
1119 3637 1212 3715 εἰς
1260 3630 1524 3719 μακρὸν
1575 3628 1721 3733 ἀλλ’
1768 3628 1971 3713 εὐθὺς
2012 3640 2126 3703 καὶ
2166 3632 2355 3723 παρὰ
2396 3628 2578 3703 πόδα
2620 3631 2789 3705 θεὸν
2832 3628 3045 3705 αὐτὸν
3090 3628 3259 3703 ῶνὸ-
3316 3594 3611 3728 ᾜΞαῗὲζς

638 3756 845 3823 μασεν
907 3730 1126 3821 φήσας
1192 3739 1338 3802 »καὶ
1397 3729 1560 3814 θεὸς
1621 3734 1705 3820 ἠν
1769 3725 1806 3802 ὅ
1860 3726 2123 3818 λόγοςι.
2207 3728 2577 3820 δυνάμενος
2627 3738 2793 3821 γοῦν
2837 3740 3075 3805 εἰπεῖν·
3145 3738 3257 3803 καὶ
3326 3724 3593 3859 ξῗῖἵδεὲ

810 3954 846 4009 8
903 3953 1013 4023 vssl·
1049 3952 1142 4005 Nr·
1177 3956 1245 4007 55
1281 3982 1347 3991 -
1404 3953 1478 4008 18
1515 3952 1626 4020 vm.
1671 3952 1945 4015 s.5s,15
1997 3982 2064 3992 -
2120 3950 2261 4008 ειη
2306 3952 2419 4020 vgl.
2455 3952 2550 4007 Νι.
2584 3956 2667 4009 42.
2702 3956 2785 4009 43.
2820 3954 2904 4009 36.
2938 3956 3008 4007 44
3058 3982 3125 3992 —
3178 3954 3259 4009 30
3290 3866 3623 4014 ,3232ss

639 4055 760 4110 Joh.
797 4060 844 4122 1,
881 4058 909 4108 1
947 4084 1011 4093 -
1051 4053 1124 4108 82
1159 4054 1280 4108 Joh.
1320 4057 1366 4121 1,
1403 4056 1432 4107 1
3315 4000 3601 4065 φαλαιοις.

812 4258 885 4312 ll
925 4256 992 4313 τὸ
1030 4256 1108 4310 V²
1141 4260 1223 4309 τῶ
1259 4255 1340 4309 V*
1405 4256 1414 4322 Ι
1483 4256 1557 4310 12
1596 4256 1888 4325 προῆλθεν
1925 4254 1996 4306 ΚΙ
2062 4256 2070 4322 Ι
2138 4255 2216 4310 18
2268 4244 2353 4310 ὧν
2386 4254 2672 4325 βραχείας]
2708 4256 2843 4329 περὶ
2876 4246 2960 4311 ὧν
2993 4254 3085 4311 διὰ
3118 4260 3255 4327 βρα-

637 4356 824 4428 χέωςῖ
859 4358 970 4425 Mo,
1007 4355 1150 4413 doch
1187 4355 1596 4426 vgl.Regis{·‚er;
1633 4361 1698 4417 -1-
1735 4355 1936 4420 τιναςῬ
1970 4355 2121 4411 Zahn
2186 4357 2195 4425 Ι
2262 4356 2344 4412 2⁰
2384 4362 2589 4412 τοῦτον
2625 4356 2675 4411 V
2740 4357 2748 4425 Ι
2810 4363 3046 4429 πρῶτον
3082 4357 3189 4411 We
3246 4395 3251 4412 .

642 4458 954 4532 22ffstm53÷
991 4498 1206 4513 .....
1243 4453 1373 4527 μηδ’
1425 4459 1500 4525 V,
1563 4474 1699 4513 corr·
1735 4457 1809 4511 Kl
1874 4456 1884 4525 Ι
1951 4458 2022 4512 27
2082 4457 2201 4511 hier
2244 4475 2292 4513 a.
2330 4458 2393 4511 R.
2427 4454 2466 4512 Ξ
2500 4458 2595 4526 V*‚
2646 4476 2715 4513 zu
2766 4458 2819 4513 Z.
2856 4460 2923 4515 29
2966 4458 3043 4512 V2
3103 4459 3114 4526 Ι
3178 4457 3257 4513 29

639 4567 871 4634 πρῶτον
915 4578 972 4614 m
1035 4562 1044 4629 l
1111 4560 1186 4615 81
1241 4554 1293 4632 β’
1348 4560 1470 4615 hier
1503 4560 1591 4620 Kl,
1648 4560 1721 4613 da
1753 4559 1896 4623 θεός
1932 4558 2103 4612 sehon
2138 4558 2227 4614 die
2262 4558 2501 4615 zweite
2538 4560 2634 4614 der
2668 4554 2967 4633 έπηγορίαι
3001 4559 3097 4628 inf»,
3143 4558 3255 4628 vgl.

641 4665 690 4719 S.
727 4662 961 4748 82‚ff.6ff.‚
998 4682 1099 4719 vor
1133 4661 1447 4731 δυνάμενος
1481 4663 1534 4718 Ζ.
1571 4663 1636 4716 32
1671 4661 1723 4715 V
