3694 5582
1207 499 1276 554 de
1311 500 1680 556 ecclesiastica
1713 500 1999 570 theologia
2035 502 2060 555 I
2094 502 2176 558 20.
2928 503 3007 568 89

397 667 556 752 γενῆ
597 669 708 733 καὶ
753 661 969 749 ἄρτον
1024 668 1200 752 ζωῆς
1251 669 1362 734 καὶ
1417 659 1648 735 πάντα
1708 670 1971 752 μᾶλλον
2032 693 2071 753 7]
2136 660 2367 753 λόγον.
2450 671 2562 735 καὶ
2623 661 2834 754 λόγον
2886 667 3009 752 μὲν
3042 672 3112 728 48

399 767 570 850 ἔχειν
613 758 907 834 διδάσκει
952 760 1240 849 φάσκων
1288 760 1448 834 »ἐάν
1490 791 1594 846 τις
1635 760 1864 856 ἀγαπᾷ
1906 791 2009 853 με,
2062 762 2191 835 τὸν
2246 761 2455 854 λόγον
2496 793 2627 854 μου
2670 762 3008 854 τηρήσειι,

397 862 647 934 ἑαυτὸν
687 867 760 934 δὲ
806 859 1018 951 λόγον
1060 863 1232 933 εἶναι
1275 892 1357 935 ου
1403 871 1623 952 φησίν.
1707 871 1863 946 πῶς
1918 855 2041 935 οὖν
2090 862 2261 952 μετὰ
2316 871 2536 935 ταῦτα
2592 861 2825 936 πάντα
2885 860 3010 935 οὐκ

397 965 686 1054 ἐρυθριᾷ
728 957 768 1033 6
810 959 1029 1050 μόνον
1043 959 1305 1090 Μλόγον
1323 969 1432 1032 καὶ
1476 960 1676 1033 οῦδὲν
1719 963 1956 1049 ἕτερον
2000 965 2169 1034 εἶναι
2202 960 2415 1035 αὐτὸν
2455 959 3013 1054 άποφηνάμενος;

331 1073 362 1127 5
395 1057 784 1132 ἐπάκουσον
827 1067 992 1151 γοῦν
1035 1055 1230 1144 ὅπως
1275 1065 1568 1152 ἔγραφεν
1610 1068 1836 1151 λέγων

519 1163 660 1247 (Nr.
691 1169 792 1246 37)
825 1158 1004 1234 ω’στε
1047 1159 1491 1250 πανταχόθεν
1535 1160 1752 1250 δῆλόν
1795 1166 1980 1233 ἐστιν
2024 1167 2233 1250 μηδὲν
2264 1162 2499 1252 ἕτερον
2542 1171 2631 1252 τῇ
2676 1159 3015 1251 ἇιδιότητι

521 1265 647 1332 τοῦ
690 1257 902 1350 λόγου
943 1258 1308 1351 ἁρμόττειν
1353 1253 1569 1347 ὄνομα
1611 1289 1653 1349 η
1701 1258 1899 1334 τοῦθ’
1947 1255 2113 1350 όπερ
2161 1256 2199 1332 6
2245 1257 2630 1350 ἆγιοότατος
2673 1269 2801 1335 τοῦ
2848 1268 3016 1334 θεοῦ

517 1359 835 1450 μαθητὴς
876 1369 988 1432 καὶ
1031 1358 1420 1443 ἀπόστολος
1460 1357 1779 1450 Ἰωάννης
1839 1367 1917 1432 ὲν
1978 1357 2145 1450 ἀρχῇ
2201 1368 2327 1434 τοῦ
2374 1361 2761 1452 ευαγγελίου
2808 1364 3011 1434 εἶπεν.

389 1465 501 1530 καὶ
545 1455 757 1531 πάλιν
3046 1471 3114 1526 49

295 1571 360 1625 10
517 1561 655 1682 (,Nn
702 1566 808 1647 37)
873 1563 984 1631 ἵνα
1029 1568 1208 1646 δείξῃ
1253 1553 1396 1644 ότι,
1445 1565 1504 1630 εί
1545 1589 1611 1630 τι
1655 1558 1897 1631 καινὸν
1938 1567 2049 1631 καὶ
2111 1560 2457 1650 νεώτερον
2518 1555 2761 1652 ὄνομα,
2823 1558 3015 1633 τοῦτ’

517 1655 655 1729 άπὸ
703 1666 826 1748 τῆς
867 1666 1103 1750 καινῆς
1146 1656 1337 1750 αὐτῷ
1383 1667 1494 1730 καὶ
1538 1665 1693 1741 νέας
1735 1655 1989 1748 υπῆρξε
2030 1659 2207 1732 κατὰ
2252 1659 2467 1749 σάρκα
2508 1665 2914 1752 οἰκονομίας.

387 1764 502 1828 καὶ
547 1750 746 1842 αὖθις
3049 1773 3118 1828 50

519 1861 658 1944 (Nr.
702 1865 806 1946 42)
870 1855 1121 1932 οὐκοῦν
1151 1859 1344 1980 ς,πρὸ
1377 1865 1499 1949 μὲν
1560 1865 1684 1930 τοῦ
1746 1868 2112 1931 κατελθεῖν
2171 1866 2283 1932 καὶ
2335 1860 2445 1932 διὰ
2498 1868 2622 1953 τῆς
2644 1868 3017 1986 παρθένου

519 1963 850 2047 τεχθῆναι
893 1955 1097 2048 λόγος
1140 1950 1226 2047 ἦν
1260 1957 1492 2048 μόνον.
1579 1965 1722 2030 ἐπεὶ
1783 1966 1853 2030 τί
1914 1959 2151 2047 ἕτερον
2212 1951 2299 2049 ἦν
2356 1959 2493 2047 πρὸ
2549 1968 2675 2033 τοῦ
2728 1961 2858 2052 τὴν
2906 1959 3017 2034 α’ν-

294 2070 356 2123 15
519 2065 890 2147 θρωπίνην
933 2055 1297 2142 ἀναλαβεῖν
1339 2055 1552 2148 σάρκα
1606 2059 1698 2129 τὸ
1743 2057 2155 2131 κατελθὸν
2221 2056 2367 2130 »ἐπ’
2428 2058 2793 2149 ἐσχάτων
2851 2069 3021 2132 τῶν

515 2151 906 2246 ἧμερῶνι,
954 2188 1050 2241 ως
1094 2165 1206 2230 καὶ
1249 2153 1456 2240 αὐτὸς
1497 2163 1855 2246 γέγραφεν,
1898 2164 2027 2229 καὶ
2072 2165 2469 2249 γεννηθὲν
2510 2165 2595 2231 ἐκ
2640 2167 2779 2252 τῆς
2821 2189 3014 2250 παρ-

513 2263 793 2342 θένου;
836 2255 1039 2329 ουδὲν
1083 2259 1318 2346 ἕτερον
1363 2261 1448 2347 ἠν
1492 2285 1532 2346 7]
1581 2253 1796 2346 λόγος.

392 2360 692 2426 τοσαῦτα
755 2364 1138 2447 Μαρκέλλῳ
1200 2365 1414 2430 εἰπεῖν
1471 2363 1584 2428 καὶ
1643 2353 2137 2448 ἀποφήνασθαι
2194 2355 2527 2446 πάρεστιν
2588 2357 2696 2430 διὰ
2771 2357 2851 2430 τὸ
2922 2360 3014 2448 μὴ
3050 2371 3115 2424 51

390 2447 753 2543 ὁμολογεῖν
782 2454 910 2528 τὸν
947 2455 1098 2529 υἱὸν
1127 2463 1255 2530 τοῦ
1281 2464 1470 2529 θεοῦ.
1539 2455 1714 2544 πρὸς
1759 2450 1842 2528 ὃν
1884 2452 2157 2527 eluet-'³
2118 2484 2205 2527 αν
2245 2453 2285 2528 6
2330 2453 2799 2548 εῦαγγελιστὴς
2850 2465 3015 2548 μέγα

294 2565 359 2620 20
391 2550 786 2643 ἐπιβοήσας·
831 2565 900 2629 τί
944 2556 1093 2646 φῄς,
1138 2557 1500 2645 ἂνθρωπε;
1545 2554 1629 2630 οῦ
1670 2553 1880 2645 λόγον
1924 2552 2138 2627 αυτὸν
2188 2558 2362 2646 ἔφην
2402 2555 2641 2646 μόνον,
2686 2552 2862 2630 ἀλλὰ
2904 2567 3016 2629 καὶ

389 2651 590 2738 θεόν,
652 2662 764 2725 καὶ
824 2663 1013 2743 »φῶς
1064 2655 1148 2728 τὸ
1211 2665 1520 2744 φωτίζον
1579 2653 1810 2728 πάντα
1871 2655 2253 2743 ἄνθρωπον
2305 2653 2674 2760 ἐρχόμενον
2732 2662 2826 2741 εἰς
2886 2658 3015 2728 τὸν

387 2747 716 2842 κόσμονι,
761 2761 872 2826 καὶ
917 2761 1250 2846 μονογενῆ
1295 2755 1446 2829 υἱὸν
1489 2753 1617 2827 τὸν
1682 2760 1812 2839 »εἰς
1868 2753 1996 2827 τὸν
2038 2751 2305 2829 κόλπον
2346 2761 2476 2829 τοῦ
2516 2753 2836 2847 πατρόςι.
2922 2756 3012 2848 μὴ
3049 2773 3116 2829 52

389 2851 472 2943 δὴ
521 2844 648 2925 οὖν
691 2863 1208 2942 συκοφαντείτω
1253 2885 1358 2940 τις
1387 2854 1516 2928 τὸν
1543 2854 1903 2945 θεολόγον,
1948 2851 2097 2927 ἀλλ’
2129 2851 2425 2945 α’κριβῶς
2451 2860 2749 2928 ἐπατέτω
2781 2852 3011 2943 αυτοῦ,

389 2948 644 3026 ὁποῖον
681 2951 984 3027 ’ὑπέθετο
1032 2952 1242 3045 λόγον
1284 2955 1470 3045 παρὰ
1511 2952 1730 3037 πόδας
1773 2952 2080 3040 συνάψας
2141 2964 2287 3026 »καὶ
2329 2954 2495 3038 θεὸς
2537 2948 2626 3046 ἦν
2668 2951 2707 3027 6
2769 2953 3006 3045 λόγος(

295 3062 360 3118 25
389 3059 504 3123 καὶ
567 3062 896 3143 προσθεὶς
939 3052 1021 3125 τὸ
1073 3052 1337 3126 »πάντα
1399 3050 1491 3125 δι’
1556 3050 1769 3125 αὐτοῦ
1829 3058 2157 3141 ἐγένετοι.
2240 3053 2419 3126 κατὰ
2478 3062 2551 3128 δὲ
2612 3052 2826 3128 αὐτόν
2885 3056 3017 3127 τὸν

391 3160 546 3224 τῶν
588 3146 782 3225 ὅλων
824 3160 1105 3244 σωτῆρα
1149 3150 1304 3226 οὐδὲ
1347 3146 1528 3241 ἅπαξ
1573 3151 1969 3243 ὠνόμασται
2013 3151 2237 3241 λόγος.
2283 3150 2459 3226 ἀλλὰ
2502 3153 2646 3237 υἱὸς
2690 3162 2863 3227 θεοῦ
2904 3162 3015 3226 καὶ

392 3252 770 3343 μονογενὴς
810 3261 924 3325 καὶ
969 3260 1120 3341 φῶς
1159 3260 1272 3323 καὶ
1286 3254 1458 3371 ,ζωὴ
1502 3260 1614 3324 καὶ
1656 3247 1947 3341 άλήθεια
1988 3260 2101 3322 καὶ
2142 3249 2374 3324 πάντα
2409 3259 2675 3343 μᾶλλον
2718 3283 2759 3343 7Ι
2794 3252 3013 3343 λόγος.

566 3360 570 3439 !
619 3354 698 3442 η’.
745 3360 802 3425 εἰ
845 3358 916 3424 δὲ
961 3358 1144 3441 λέγοι
1188 3358 1405 3423 ταῦτα
1449 3356 1524 3423 ἐκ
1567 3358 1690 3441 τῆς
1731 3358 1971 3441 καινῆς
2022 3347 2351 3442 διαθήκης
2396 3358 2725 3442 εἰρῆσθαι,
2774 3353 3014 3474 λεχθή-
3048 3371 3248 3441 53198

392 3476 582 3522 σεται
627 3448 814 3543 αὐτῷ
861 3447 973 3525 ὅτι
1016 3460 1126 3524 καὶ
1172 3449 1254 3522 τὸ
1306 3456 1418 3523 »ἐν
1465 3448 1634 3541 άρχῇ
1695 3480 1782 3541 7Ιν
1844 3446 1882 3522 6
1927 3447 2383 3573 Myos-“0136'’
2427 3454 2772 3541 ἑτέρωθεν
2822 3444 2912 3543 ἦν
2970 3450 3014 3543 ἢ

295 3560 359 3615 30
391 3556 465 3638 ἐξ
510 3547 735 3641 αυτῆς.
823 3554 896 3621 ἓν
939 3552 1022 3641 δὴ
1067 3544 1194 3623 οὖν
1235 3558 1346 3623 καὶ
1391 3550 1472 3621 τὸ
1520 3547 1687 3622 αὐτὸ
1742 3548 2133 3640 εὐαγγέλιον
2196 3544 2235 3621 6
2298 3548 2504 3632 αὐτός
2557 3579 2634 3621 τε
2690 3549 3014 3643 εὐαγγελι-

395 3649 562 3739 στὴς
607 3645 646 3721 6
691 3648 902 3740 λόγον
961 3648 1174 3722 αὐτὸν
1235 3652 1450 3723 είπων
1520 3658 1632 3721 καὶ
1695 3650 1782 3721 τὰ
1835 3648 2043 3722 λοιπὰ
2096 3646 2326 3721 πάντα
2376 3658 2530 3739 περὶ
2571 3647 2787 3723 αυτοῦ
2830 3675 3014 3724 συνε-

392 3746 726 3839 γράψατο.

561 3848 650 3921 θ’.
705 3856 814 3922 καὶ
859 3855 1130 3933 Παῦλος
1173 3856 1246 3920 δὲ
1289 3845 1327 3921 6
1373 3860 1564 3933 θεῖος
1609 3844 1997 3932 ἀπόστολος
2051 3854 2273 3939 λέγων
2338 3846 2533 3939 »ἡμῖν
2594 3850 2689 3933 εἷς
2747 3848 2911 3935 θεὸς
2970 3846 3010 3923 6
3046 3870 3115 3924 54

391 3945 654 4039 πατήρ,
699 3954 772 4035 ἐξ
815 3941 896 4021 οὗ
941 3947 1028 4021 τὰ
1071 3947 1331 4033 πάντα,
1393 3957 1500 4019 καὶ
1548 3949 1641 4030 εἷς
1677 3946 1911 4037 κύριος
1951 3946 2198 4038 Ἰησοῦς
2243 3948 2565 4038 Χριστός,
2625 3944 2721 4020 δι’
2782 3942 2865 4021 οὗ
2926 3949 3011 4021 τὰ

296 4056 358 4109 35
393 4045 688 4133 noima«,
733 4046 940 4140 δῆλός
984 4054 1172 4120 ἐστιν
1214 4048 1342 4121 τὸν
1381 4048 1520 4139 πρὸ
1567 4056 1689 4139 τῆς
1733 4045 2065 4137 ἐνσάρκου
2106 4056 2479 4136 παρουσίας
2505 4046 2661 4119 υἱὸν
2688 4054 2815 4120 τοῦ
2842 4054 3014 4121 θεοῦ

571 4268 610 4324 2
646 4269 769 4324 Joh.
808 4272 889 4333 14,
926 4272 992 4327 23
1029 4300 1094 4311 -
1132 4270 1170 4327 4
1207 4272 1318 4341 vgl.
1355 4270 1446 4325 Nr.
1482 4274 1565 4326 42.
1601 4272 1668 4325 43
1704 4301 1771 4310 -
1816 4270 1891 4326 15
1929 4270 2093 4323 Hebr.
2129 4270 2229 4333 1‚2
2264 4298 2329 4309 -
2367 4268 2491 4323 201
2518 4268 2643 4324 Joh.
2682 4273 2728 4337 1,
2764 4274 2793 4325 1
2832 4300 2899 4309 —
2935 4271 3010 4326 21

395 4371 518 4427 Joh.
557 4376 606 4437 1,
640 4374 673 4427 9
707 4400 776 4410 —
813 4372 890 4428 22
929 4372 1052 4426 Joh.
1091 4375 1137 4435 1,
1175 4373 1242 4427 18
1275 4402 1340 4411 —
1379 4372 1459 4429 24
1495 4373 1617 4427 Joh.
1655 4376 1702 4438 1,
1745 4375 1768 4425 1
1817 4401 1885 4409 —
1940 4370 2017 4427 25
2055 4370 2177 4427 Joh.
2216 4374 2262 4439 1,
2300 4373 2332 4425 3
2384 4399 2449 4409 ——
2503 4371 2583 4425 29
2618 4368 2743 4425 Joh.
2780 4374 2827 4438 1,
2864 4374 2893 4425 1
2948 4400 3015 4411 -

393 4472 471 4529 88
507 4474 532 4527 1
569 4472 698 4528 Kor.
734 4478 784 4537 8,
820 4475 868 4529 6.

567 4676 598 4731 1
637 4676 858 4742 μᾶλλον
893 4676 972 4730 Re
1007 4675 1118 4745 vgl.
1155 4678 1210 4729 Z.
1246 4677 1311 4731 27
1347 4673 1522 4746 λόγον
1561 4676 1610 4728 V
1677 4676 1684 4741 Ι
1751 4674 1828 4729 25
1867 4675 2145 4744 προσθεὶς
2182 4672 2257 4726 V²
2290 4691 2457 4748 ⁷²9⁰*
2492 4692 2525 4722 κ
2560 4674 2685 4739 θεὶς
2722 4674 2801 4729 V*
