3694 5582
685 547 766 610 66
1904 537 2173 594 Eusebius

851 711 894 778 8
941 701 1048 775 διὸ
1078 701 1160 792 δὴ
1191 701 1322 792 τὴν
1351 699 1628 775 εὐθεῖαν
1655 709 1769 776 καὶ
1795 702 2151 794 βασιλικὴν
2191 697 2357 775 όδὸν
2386 697 2865 792 όρθοτομοῦσα
2902 698 2943 791 ἦ
2986 706 3305 792 ἐκκλησία
3356 714 3694 804 παράθεσις

685 808 812 874 τοῦ
855 809 1026 876 θεοῦ
1067 801 1192 886 τὰς
1233 809 1359 890 μὲν
1401 802 1614 886 ἄλλας
1656 800 2133 892 παρεκτροπας
2177 799 2696 892 ἀπεδοκίμασεν,
2758 820 2905 884 τοῖς
2966 797 3031 873 δ’
3094 799 3304 894 αύτῆς

3335 804 3439 908 ,ξ’ἐῗ
3486 782 3694 938 {2⁴:22⁵-

684 909 1062 993 θρέμμασιν
1091 909 1213 993 τῆς
1243 907 1488 976 ἐνθέου
1513 900 1788 993 χάριτος
1817 908 2283 992 παραδίδωσιν
2310 901 2441 992 τῆν
2470 907 2741 991 γνῶσιν,
2767 899 2919 972 κατ’
2948 897 3121 973 αὐτὸ
3149 901 3301 992 <τὸ>
3364 927 3675 988 σιαοτικῆς

686 1010 810 1094 τῆς
850 1011 1356 1093 παλιγγενεσίας
1397 999 1770 1093 μυστήριον
1813 998 2175 1092 ομολογεῖν
2216 997 2620 1074 διδάσκουσα
2662 999 3005 1073 πιστεύειν
3049 1006 3139 1086 εἰς
3182 1003 3304 1074 ἕνα

615 1114 648 1168 5
683 1099 874 1186 θεόν,
919 1109 1182 1194 πατέρα
1224 1099 1771 1192 παντοκράτορα,
1814 1111 2081 1176 τελείαν
2121 1109 2235 1175 καὶ
2278 1098 2517 1192 ἀκριβῆ
2557 1107 2670 1173 καὶ
2715 1095 3103 1191 ὁλόκληρον
3144 1100 3301 1174 ταύ-

684 1231 818 1291 την
861 1207 1108 1275 εἰδέναι
1149 1209 1536 1290 παρέχουσα
1577 1202 1709 1292 τὴν
1749 1210 2155 1293 θεολογίαν,
2212 1201 2255 1294 ἣ
2298 1199 2470 1274 θεὸν
2512 1207 2635 1290 μὲν
2678 1201 2799 1272 ἕνα
2838 1206 3303 1287 παραδίδωσιν

683 1299 1102 1394 ἀφορίζουσα
1145 1308 1270 1392 τῆς
1298 1295 1701 1392 Ἕλληνικῆς
1742 1309 1857 1373 καὶ
1898 1309 2249 1374 πολυθέου
2296 1297 2585 1391 πλάνης,
2647 1305 2910 1389 πατέρα
2954 1306 3025 1372 δὲ
3088 1296 3299 1372 αύτὸν

684 1404 870 1474 οἶδεν
911 1408 1034 1491 τῆς
1077 1397 1436 1492 Ἰουδαϊκῆς
1472 1409 1857 1490 χωρίζουσα
1898 1408 2343 1486 διδασκαλίας,
2396 1397 2929 1490 παντοκράτορα
2972 1404 3043 1472 δὲ
3088 1397 3303 1473 αύτὸν

683 1497 1004 1590 ὁμολογεῖ
1045 1507 1210 1591 [τῆς]
1243 1509 1394 1574 τῶν
1423 1499 1661 1574 ἀθέων
1689 1498 2114 1589 ἑτεροδόξων
2142 1497 2707 1590 ἀποστρεφομένη
2739 1499 2869 1590 τὴν
2901 1506 3299 1588 δυσσέβειαν.

583 1609 649 1664 10
683 1597 901 1683 οὐδεὶς
944 1607 1110 1690 γοῦν
1151 1608 1302 1673 τῶν
1347 1597 1766 1689 ἑτεροδόξων
1807 1605 1986 1673 εἴποι
2027 1599 2113 1673 ἂν
2142 1600 2270 1674 τὸν
2296 1607 2561 1688 πατέρα
2597 1607 2724 1672 τοῦ
2754 1607 3055 1688 Χριστοῦ
3082 1597 3299 1672 αύτόν
3366 1619 3401 1672 2

683 1701 855 1772 εἶναι
897 1698 1026 1771 τὸν
1067 1700 1242 1773 θεὸν
1283 1699 1412 1772 τὸν
1453 1696 2018 1792 παντοκράῗτορα,
2063 1698 2160 1784 ὦς
2214 1698 2369 1774 οὐδὲ
2410 1707 2522 1774 5⁰⁷
2564 1697 2911 1772 Ἰουδαίων
2969 1694 3295 1790 ὄμολογή·
3328 1718 3399 1774 m

683 1821 858 1870 σειεν
919 1798 1005 1872 ἄν
1065 1828 1169 1881 τις
1228 1797 1359 1870 τὸν
1416 1799 1588 1871 θεὸν
1646 1807 1909 1890 πατέρα
1968 1804 2140 1874 εἶναι
2200 1799 2328 1872 τὸν
2377 1806 2713 1890 μονογενῆ
2756 1797 2909 1871 υἱὸν
2949 1799 3040 1890 μῆ
3082 1799 3295 1885 είδῶς,

681 1895 841 1970 οὐδέ
880 1926 952 1988 γε
973 1891 1228 1988 (Έλλην
1271 1899 1390 1970 ἕνα
1433 1896 1652 1988 μόνον
1682 1899 1955 1992 φήσειεν
1984 1899 2135 1990 <ἂν>
2181 1904 2426 1973 εἰδέναι
2468 1894 2656 1970 θεόν.
2740 1897 2847 1969 διὸ
2892 1899 2975 1989 δὴ
3020 1898 3299 1972 τούτων

682 1993 1020 2071 ἀπάντων
1061 1994 1622 2088 ἀποκαθαίρουσα
1665 2001 1795 2090 τὴν
1836 1997 2109 2090 πλάνην
2153 1995 2195 2090 ἦ
2238 2003 2553 2088 ἐκκλησία
2596 1997 2727 2070 τὸν
2776 1998 2897 2070 ἕνα
2955 1997 3127 2071 θεὸν
3182 2028 3299 2089 κη-

579 2112 644 2166 15
683 2096 930 2186 ρύττει,
975 2093 1188 2170 αὐτὸν
1230 2101 1404 2170 εἶναι
1429 2105 1544 2169 καὶ
1572 2105 1834 2191 πατέρα
1864 2105 1977 2171 καὶ
2005 2097 2537 2186 παντοκράτορα
2567 2095 2991 2182 διδάσκουσα,
3032 2105 3299 2186 πατέρα

676 2203 804 2285 μὲν
845 2196 996 2280 ἑνὸς
1049 2204 1175 2269 τοῦ
1219 2205 1520 2286 Χριστοῦ
1577 2197 1822 2289 μόνου,
1884 2208 2035 2272 τῶν
2097 2205 2169 2271 δὲ
2228 2205 2499 2271 λοιπῶν
2558 2193 2899 2270 ἀπάντων
2954 2195 3129 2269 θεὸν
3157 2203 3297 2273 ,καὶ

598 2341 627 2350 --
677 2303 962 2386 κτίστην
1001 2303 1115 2369 καὶ
1157 2296 1412 2387 κύριον.
1451 2292 1688 2371 [οῦτω
1740 2306 1855 2370 καὶ
1904 2297 2059 2370 υἱὸν
2108 2306 2279 2372 θεοῦ
2321 2304 2657 2388 μονογενῆ
2698 2294 2951 2388 Ἰησοῦν
2995 2296 3297 2384 Χριστὸν

676 2403 1161 2485 παραδίδωσιν,
1208 2395 1334 2468 τὸν
1376 2397 1510 2489 πρὸ
1553 2396 1849 2470 πάντων
1878 2399 2153 2470 αίῶνων
2197 2403 2273 2470 ἐκ
2315 2404 2441 2471 τοῦ
2482 2395 2745 2487 πατρὸς
2788 2402 3295 2487 γεγεννημένον,

679 2491 762 2568 οῦ
805 2493 931 2567 τὸν
973 2493 1188 2568 αυτὸν
1232 2489 1402 2568 ὄντα
1441 2505 1545 2588 τῷ
1588 2505 1827 2586 πατρί,
1888 2494 2046 2570 καθ’
2094 2497 2343 2570 ἑαυτὸν
2402 2503 2475 2568 δε
2536 2491 2707 2570 ὄντα
2756 2503 2869 2568 καὶ
2912 2504 3143 2584 ζῶντα
3182 2503 3296 2566 καὶ

575 2606 645 2667 20
679 2591 965 2684 ἀληθῶς
1007 2594 1159 2667 υἱὸν
1201 2593 1519 2682 συνόντα,
1565 2597 1734 2670 θεὸν
1775 2601 1853 2668 ἐκ
1894 2603 2064 2670 θεοῦ
2104 2603 2215 2668 καὶ
2261 2579 2412 2684 φῶς
2456 2603 2530 2668 ἐκ
2572 2594 2810 2684 φωτὸς
2852 2603 2962 2666 καὶ
3006 2595 3192 2685 ζωὴν
3220 2597 3296 2666 ἐκ

680 2700 886 2785 ζωῆς,
948 2689 1258 2778 ἀλέκτοις
1316 2703 1426 2767 καὶ
1493 2694 1812 2787 ἀρρήτοις
1872 2703 1983 2768 καὶ
2043 2693 2483 2768 παντάπασιν
2544 2693 2925 2786 ἀγνώστοις
2976 2691 3132 2785 ἡμῖν
3180 2702 3295 2766 καὶ

680 2791 1192 2885 ἀκαταλήπτοις
1237 2796 1462 2886 λόγοις
1506 2801 1580 2868 ἐκ
1623 2804 1750 2869 τοῦ
1791 2797 2051 2887 πατρὸς
2094 2802 2205 2869 ἐπὶ
2243 2804 2547 2891 σωτηρία
2578 2803 2727 2868 τῶν
2754 2789 2945 2869 ολων
2988 2822 3295 2884 γεγεννη-

675 2898 909 2982 μένον,
969 2900 1082 2965 καὶ
1141 2890 1264 2983 ούχ
1323 2892 1576 2983 ὁμοίως
1634 2904 1758 2986 μὲν
1811 2917 1959 2982 τοῖς
2002 2908 2267 2979 λοιποῖς
2311 2915 2657 2987 γεννητοῖς
2696 2894 3096 2968 ύποστάντα
3137 2889 3293 2965 οῦδὲ

678 2993 862 3082 ζωὴν
905 2997 1162 3084 ἐμφερῆ
1204 3012 1350 3077 τοῖς
1391 2992 1474 3067 δι’
1507 2992 1720 3068 αὐτοῦ
1751 3002 2257 3086 γεγεννημένοις
2300 3002 2551 3083 ζῶντα,
2594 2993 2814 3083 μόνον
2857 3000 2929 3066 δὲ
2970 2998 3043 3079 ἐξ
3080 2990 3293 3065 αύτοῦ

573 3106 640 3161 25
676 3100 805 3164 τοῦ
843 3092 1104 3182 πατρὸς
1145 3090 1620 3183 ἀποτεχθέντα
1662 3102 1776 3165 καὶ
1819 3090 2177 3185 αύτοζωην
2223 3090 2410 3168 ὄντα.
2494 3102 2603 3167 καὶ
2650 3098 2941 3183 επρεπεν
3002 3093 3127 3183 γὰρ
3186 3099 3289 3183 τῶ
3368 3114 3381 3126 ·

676 3196 786 3263 ἐπὶ
830 3190 1122 3267 πάντων
1163 3201 1311 3284 θεῷ
1354 3193 1492 3283 πρὸ
1537 3194 1800 3279 παντὸς
1845 3202 2136 3285 γενητοῦ
2177 3204 2291 3267 καὶ
2334 3194 2469 3283 πρὸ
2513 3192 2803 3266 πάντων
2866 3194 3147 3267 αἰώνων
3208 3191 3292 3265 τὸ

673 3298 1035 3382 μονογενὲς
1080 3300 1291 3367 τοῦτο
1323 3300 1787 3383 προβαλέσθαι
1818 3300 2132 3384 γέννημα,
2179 3292 2408 3383 ῶσπερ
2440 3292 2595 3365 τινὰ
2624 3298 2921 3383 κρηπίδα
2956 3300 3069 3365 καὶ
3100 3299 3293 3381 θεμέ-

677 3404 830 3464 λιον
871 3387 1126 3484 ἀρραγῆ
1170 3401 1316 3465 τῶν
1357 3390 1760 3480 μελλόντων
1789 3390 1873 3464 δι’
1914 3391 2129 3466 αύτοῦ
2170 3390 2589 3483 γενήσεσθαι.
2672 3392 2777 3464 διὸ
2822 3392 2905 3482 δὴ
2948 3392 3083 3477 πρὸ
3126 3388 3295 3463 πάν-

678 3522 825 3563 των
868 3501 1016 3564 τῶν
1057 3490 1458 3583 μελλόντων
1501 3496 1769 3564 ἔσεσθαι
1814 3491 1943 3565 τὸν
2000 3491 2152 3565 υἱὸν
2211 3496 2449 3582 ἐγέννα
2516 3490 2743 3581 ῶσπερ
2804 3490 2993 3575 τινὸς
3054 3490 3293 3579 φωτὸς

573 3605 641 3659 30
676 3588 918 3663 ἀκτῖνα
961 3600 1074 3665 καὶ
1118 3599 1296 3683 ζωῆς
1340 3592 1565 3683 πηγὴν
1601 3598 1714 3664 καὶ
1757 3590 2110 3682 θησαυρὸν
2156 3589 2468 3681 ἀγαθῶν,
2536 3594 2647 3664 »ἐν
2708 3583 2766 3682 ᾧ
2810 3589 3068 3673 πάντες
3128 3592 3292 3661 εἰσὶν

680 3695 744 3763 οἱ
805 3697 1144 3780 θησαυροὶ
1208 3699 1329 3782 τῆς
1392 3698 1636 3779 σοφίας
1694 3698 1806 3763 καὶ
1868 3697 1991 3781 τῆς
2052 3692 2369 3780 γνῶσεως
2429 3689 2851 3782 ἀπόκρυφοι«
2916 3690 3095 3762 κατὰ
3166 3686 3291 3761 τὸν

677 3802 871 3862 θεῖον
922 3787 1332 3863 ἀπόστολον.
1419 3791 1777 3864 τοσούτων
1839 3790 2125 3881 ἀγαθῶν
2186 3788 2225 3865 ὖ
2285 3790 2496 3882 μόνος
2557 3787 2817 3881 ἀγαθὸς
2876 3788 3103 3880 πατὴρ
3164 3794 3292 3862 τὸν

675 3888 829 3961 υἱὸν
871 3884 1140 3978 ύφίστη,
1185 3886 1540 3980 αύτοζωὴν
1587 3884 1760 3963 ὄντα
1805 3892 2153 3978 ζωοποιὸν
2196 3899 2344 3963 τῶν
2386 3885 2595 3977 ὅλων,
2638 3899 2752 3963 καὶ
2794 3887 3121 3977 αύτοφῶς
3170 3886 3289 3960 »τὸ

677 3984 1053 4076 ἀληθινὸν«
1119 3996 1228 4059 καὶ
1288 3988 1508 4079 πάσης
1571 3998 1808 4081 νοερᾶς
1864 3998 1976 4063 καὶ
2038 3997 2314 4081 λογικῆς
2370 3987 2599 4075 οὐσίας
2660 3984 3107 4079 φωτιστικόν,
3179 3996 3291 4060 καὶ

851 4208 990 4265 141r
1027 4210 1139 4279 vgl.
1177 4209 1274 4264 das
1311 4210 1923 4267 Glaubensbekenntnis
1958 4210 2053 4267 des
2094 4210 2390 4267 Eusebius:
2425 4212 2613 4281 Halm,
2650 4212 2971 4268 Bibliothek
3006 4212 3103 4266 der
3136 4210 3291 4282 Sym·

675 4310 831 4365 bolo³
866 4312 998 4366 1897
1035 4312 1066 4377 ξ
1105 4312 1204 4367 188
1239 4311 1400 4375 (auch
1435 4312 1554 4379 123)
1597 4342 1663 4351 —
1703 4312 1782 4368 80
1817 4312 1942 4367 Kol.
1978 4314 2027 4381 2,
2062 4316 2095 4369 3
2131 4344 2197 4353 —-
2234 4314 2314 4369 88
2350 4314 2473 4371 Joh.
2510 4318 2556 4377 1,
2592 4318 2625 4371 9

848 4512 886 4567 8
921 4512 987 4567 τὸ
1008 4512 1078 4565 Kl
1131 4512 1141 4579 1
1193 4510 1608 4583 4διδάσκουσα]
1631 4514 1812 4577 -ξ-καὶ
1846 4514 1939 4568 Mo
1996 4514 2005 4581 Ι
2062 4515 2099 4570 6
2138 4513 2500 4585 παρέχουσαν
2522 4516 2585 4583 V,
2621 4532 2756 4571 corr.
2776 4516 2867 4572 Mo
2922 4518 2930 4586 Ι
2984 4515 3017 4586 ἢ
3054 4515 3122 4570 ΚΙ
3166 4515 3199 4584 ὴ
3240 4517 3291 4569 V

677 4612 688 4679 1
745 4612 784 4667 9
820 4618 920 4680 τῆς
952 4616 1044 4667 star.
1074 4612 1176 4667 We
1229 4616 1238 4681 Ι
1295 4614 1372 4669 13
1407 4608 1480 4669 ἂν
1504 4614 1576 4667 ΚΙ
1629 4616 1638 4681 Ι
1691 4608 1777 4669 διὸ
1815 4614 1879 4682 δὴ
1918 4614 2023 4670 We
2057 4612 2311 4671 dw'tth
2362 4619 2371 4685 Ι
2428 4613 2675 4688 16ἑνὸς]
2713 4626 2777 4683 ÷
2812 4613 2977 4674 υὶοῦῖ
3022 4620 3031 4686 Ι
3085 4617 3166 4673 2⁰
3202 4634 3295 4673 συ-

681 4712 872 4783 νόντα]
911 4722 975 4778 -ξ-
1012 4722 1092 4788 τῷ
1128 4717 1300 4787 πατρὶ
1337 4728 1420 4768 mr

3390 987 3645 1076 ὀρθοδο-

3442 1059 3587 1124 §lac-
