3694 5582
97 5423 448 5484 ᾳ.

669 452 788 515 208
1847 442 2114 499 Eusebius

840 613 932 667 Nr.
972 614 1070 667 104
1108 612 1206 679 (Re
1242 614 1328 681 93)
1363 614 1463 682 τὴν
1499 615 1768 669 δοθεῖσαν
1805 608 1959 685 αὐτῷ
1994 610 2255 677 ἐξουσίαν
2292 608 2569 683 Ἀστέριος
2618 611 2827 678 δόξαν
2864 607 3160 679 ὀνομάζει,
3195 611 3295 665 καὶ

672 695 741 751 ού
774 696 944 763 δόξαν
978 698 1162 766 μόνον
1199 694 1342 753 ἀλλὰ
1375 700 1474 752 καὶ
1509 697 1947 769 προκόσμιον
1981 696 2211 763 δόξαν,
2250 694 2353 751 οὐκ
2377 692 2593 752 ἐννοῶν
2618 691 2707 751 ὅτι
2738 698 2910 765 μήπω
2946 702 3048 751 τοῦ
3070 694 3293 762 κόσμου

671 782 979 851 γεγονότος
1015 780 1176 839 οὐδὲν
1213 778 1411 854 ἕτερον
1449 779 1516 851 ἦν
1551 784 1696 851 πλὴν
1732 785 1876 839 θεοῦ
1908 782 2107 850 μόνου.

837 948 1055 1004 Nr.105
1090 948 1188 1016 (Re
1211 952 1298 1009 94)
1335 944 1564 1019 εἴληφεν
1600 949 1710 1019 γὰρ
1747 947 1779 1001 ὁ
1817 943 2129 1017 ἄνθρωπος
2158 947 2227 1004 οὗ
2260 947 2443 1016 μόνον
2478 950 2577 1016 τὴν
2614 944 2707 1002 ἐπὶ
2741 953 2844 1017 γῆς
2878 953 2995 1003 τῶν
3030 944 3289 1018 πραγμά-

604 1034 784 1088 ὅτων
819 1030 1105 1099 ἐξουσίαν,
1143 1030 1286 1089 ἀλλὰ
1321 1036 1419 1090 καὶ
1451 1040 1565 1089 τῶν
1604 1031 1665 1089 ἐν
1702 1031 1991 1104 οἰρανοῖς,
2028 1032 2283 1099 εἰκότως·
2344 1031 2400 1089 εἰ
2446 1030 2559 1103 γὰρ
2613 1026 2709 1087 ὅτε
2760 1033 2858 1086 καὶ
2914 1026 3288 1103 ανθρωπος·

671 1114 896 1185 ἐγένετο
949 1118 1046 1171 καὶ
1103 1120 1362 1187 »μεσίτης
1396 1123 1538 1174 θεοῦ
1571 1120 1668 1173 καὶ
1703 1114 2063 1189 ἀνθρώπων·
2120 1118 2249 1174 τότε
2284 1114 2367 1182 εἰς
2412 1114 2587 1172 αὐτόν
2644 1112 2907 1184 »ἐκτίσθη
2948 1116 3019 1173 τὰ
3055 1113 3272 1171 πάντα·

671 1200 751 1265 ὼς
786 1197 894 1270 ἔφη
932 1197 965 1256 ό
1003 1200 1338 1267 ἀπόστολος,
1382 1201 1480 1259 τά
1516 1222 1576 1259 τε
1601 1200 1661 1257 ἐν
1688 1201 1865 1273 οίηραι
1868 1212 1954 1266 οῖς
1988 1204 2085 1257 καὶ
2108 1200 2179 1257 τὰ
2204 1199 2297 1257 ἐπὶ
2321 1208 2471 1272 γῆςα,
2509 1200 2835 1256 ἀκόλουθόν
2872 1198 3023 1256 ἐστιν
3048 1197 3297 1271 ἀκριβῶς

672 1284 970 1357 γινώσκειν
1025 1282 1112 1342 ὅτι
1156 1284 1382 1353 ἐξουσία
1431 1286 1500 1343 οἰ
1531 1287 1714 1355 μόνον
1751 1294 1865 1342 τῶν
1903 1283 1995 1342 ἐπὶ
2030 1293 2133 1357 γῆς
2168 1284 2345 1359 αἰτῶ,
2398 1283 2542 1341 ἀλλὰ
2594 1287 2693 1341 καὶ
2744 1290 2859 1340 τῶν
2914 1282 2976 1341 ἐν
3030 1283 3298 1353 οἰρανοῖς

672 1371 907 1427 δέδοται.

572 1553 640 1603 10
847 1538 938 1592 Nr.
979 1540 1078 1593 106
1112 1538 1211 1605 (Re
1245 1540 1332 1605 95)
1369 1534 1424 1594 εἰ
1455 1535 1566 1609 γὰρ
1601 1540 1734 1609 περί
1767 1558 1921 1604 τινος
1954 1539 2119 1607 δόξης
2152 1538 2417 1606 δοθείσης
2450 1534 2603 1609 αὐτῷ
2636 1534 2794 1610 παρὰ
2839 1547 2943 1593 τοῦ
2978 1536 3197 1608 πατρὸς
3230 1536 3297 1591 τὸ

679 1618 834 1693 ἱερὸν
871 1620 1221 1693 Εύαγγέλιον
1273 1622 1448 1693 λέγει,
1500 1621 1708 1693 ταύτην
1761 1618 1794 1677 ό
1846 1617 2160 1693 ἄνθρωπος
2210 1621 2299 1678 διὰ
2354 1630 2455 1676 τοῦ
2506 1622 2681 1691 λόγου
2726 1619 2975 1691 εἰληφὼς
3020 1624 3297 1691 φαίνεται.

683 1708 967 1776 »μεσίτηςσ
1007 1704 1120 1777 γὰρ
1157 1707 1467 1777 γενόμενος
1499 1705 1646 1763 κατὰ
1683 1706 1782 1761 τὸν
1820 1704 1976 1779 ἱερὸν
2022 1705 2343 1762 ἀπόστολον
2394 1709 2564 1763 »θεοῦ
2598 1725 2659 1763 τε
2694 1708 2791 1762 καὶ
2828 1702 3185 1779 ἀνθρώπων
3228 1711 3297 1775 τῇ

677 1792 910 1859 δοθείσῃ
946 1787 1100 1864 αὐτῶ
1135 1790 1293 1862 παρὰ
1328 1800 1430 1847 τοῦ
1465 1790 1682 1863 πατρὸς
1715 1792 1851 1859 δόξῃ
1887 1790 2017 1855 τοὺς
2050 1794 2345 1863 θεοσεβεῖς
2382 1788 2650 1855 ἐδόξασεν
2684 1788 3046 1861 ἀνθρώπους.

850 1956 942 2012 Nr.
982 1960 1081 2011 107
1118 1956 1218 2025 (Re
1253 1958 1339 2025 96)
1374 1961 1472 2013 καὶ
1525 1958 1759 2025 ἠξίωσεν
1812 1958 1914 2013 τὸν
1968 1958 2214 2014 πεσόντα
2265 1955 2355 2013 διὰ
2392 1964 2492 2026 τῆς
2534 1968 2832 2029 παρακοῆς
2866 1952 3182 2029 ἄνθρωπον
3220 1977 3300 2029 τῳ

578 2044 643 2097 15
679 2035 881 2095 ἑαυτοῦ
915 2039 1006 2095 διὰ
1041 2046 1138 2109 τῆς
1171 2041 1466 2113 παρθένου·
1503 2047 1867 2112 σιναφθῆναι
1900 2043 2069 2116 λόγῳ.
2124 2043 2262 2097 ποιά
2288 2038 2398 2111 γὰρ
2436 2040 2497 2097 έν
2522 2038 2859 2113 ἀνθρώποις
2895 2038 3061 2111 ἑτέρα
3084 2042 3296 2111 μείζων

680 2124 814 2190 δόξα
851 2120 1055 2195 γένοιτ’
1092 2121 1163 2181 ἂν
1198 2133 1296 2194 τῆς
1331 2126 1494 2195 δόξης
1529 2126 1756 2196 ταύτης
1809 2126 1990 2183 εἰπὼν
2042 2126 2101 2183 δε
2155 2122 2241 2181 ότι
2298 2124 2571 2193 »ἐδόξασά
2626 2144 2718 2182 σε«
2734 2122 3062 2197 ,ἐπιφέρει
3115 2124 3299 2195 λέγων

681 2210 806 2263 »καὶ
841 2206 1012 2264 πάλιν
1047 2208 1329 2277 δοξάσωσι,
1369 2206 1467 2265 ινα
1515 2204 1590 2265 δι’
1626 2209 1944 2283 ὑπερβολην
1990 2211 2424 2283 φιλανθρωπίας
2470 2208 2530 2267 ἐν
2566 2216 2635 2280 τῇ
2666 2208 2810 2278 μετὰ
2847 2212 2951 2279 τὴν
2986 2208 3300 2267 ἀνάστασιν

678 2298 774 2359 τῆς
811 2293 1024 2363 σαρκὸς
1057 2294 1288 2371 δευτέρᾳ
1324 2296 1459 2365 δόξῃ
1493 2295 1594 2351 τὸν
1629 2297 1913 2367 πρότερον
1949 2296 2162 2365 θνητὸν
2206 2290 2521 2367 ἄνθρωπον
2570 2291 2867 2351 ἀθάνατον
2906 2292 3301 2365 ἀπεργάσηται

676 2379 774 2431 καὶ
806 2376 1054 2448 τοσαύτῃ
1089 2378 1261 2435 αἰτόν
1296 2378 1505 2449 δοξάσῃ
1541 2380 1690 2449 δόξῃ,
1725 2373 1874 2436 ὥστε
1910 2382 1987 2450 μὴ
2024 2380 2206 2448 μόνον
2242 2377 2414 2435 αὐτὸν
2450 2386 2548 2447 τῆς
2582 2378 2865 2451 προτέρας
2902 2375 3301 2447 ἀπαλλαγῆναι

575 2460 644 2513 20
679 2462 950 2525 δουλείας,
988 2459 1132 2521 ἀλλὰ
1167 2466 1264 2518 καὶ
1299 2470 1396 2532 τῆς
1430 2460 1572 2535 ὑπὲρ
1607 2460 1923 2535 ἄνθρωπον
1958 2462 2273 2533 ἀξιωθῆναι
2306 2464 2484 2534 δόξης.

847 2628 940 2682 Nr.
978 2630 1078 2685 108
1114 2630 1214 2697 (Re
1247 2625 1492 2693 97)‘1'‚va
1548 2626 1627 2696 ὼς
1671 2624 1835 2701 ἐφην,
1890 2626 2001 2685 ὑπὸ
2034 2639 2137 2685 τοῦ
2172 2632 2437 2703 διαβόλου
2474 2628 2841 2699 ἀπατηθέντα
2876 2629 3162 2701 πρότερον
3198 2628 3300 2683 τὸν

671 2705 994 2791 άνθρωπον
1031 2712 1205 2769 αυτόν
1253 2707 1420 2781 αὖθις
1453 2722 1679 2784 νικῆσαι
1717 2714 1816 2770 τὸν
1845 2713 2120 2815 ’διάβολον
2154 2714 2578 2787 παρασκειάσῃ.
2648 2713 2737 2769 διὰ
2782 2722 2883 2769 τοι
2886 2732 2949 2769 το
2996 2710 3300 2781 ἀνείληφεν

681 2796 781 2851 τὸν
833 2790 1172 2869 άνθρωπον,
1222 2795 1319 2856 ι’να
1374 2798 1709 2864 ἀκολούθως
1759 2798 1861 2856 τοτ’·
1862 2818 1962 2854 τον
2007 2797 2269 2871 ἀπαρχὴν
2304 2807 2402 2868 τῆς
2436 2798 2566 2867 ἐξοι
2570 2801 2691 2866 σίας
2725 2802 3080 2872 παραλαβεῖν
3114 2817 3299 2868 παρα-

687 2879 944 2950 σκευάσῃ.

579 3065 646 3118 25
854 3049 946 3103 Nr.
969 3051 1069 3106 109
1089 3051 1186 3118 (Re
1209 3053 1276 3106 35
1295 3077 1360 3094 =
1380 3054 1465 3120 97)
1488 3043 1653 3116 οὗτος
1675 3050 1788 3122 γάρ
1813 3048 1965 3107 ἐστιν
1990 3047 2023 3105 ό
2050 3047 2357 3121 ἀγαπητός,
2378 3047 2411 3105 ό
2436 3057 2513 3124 τῷ
2536 3051 2690 3124 λόγῳ
2716 3046 2952 3114 ἑνωθεὶς
2976 3045 3302 3122 ἄνθρωπος,

681 3137 812 3206 περὶ
850 3127 918 3190 οὗ
953 3133 984 3188 ό
1022 3133 1418 3206 εὐαγγελιστὴς
1452 3130 1559 3205 ἔφη
1602 3127 1796 3199 »οὗτός
1833 3133 1983 3191 ἐστιν
2020 3133 2051 3190 ὁ
2089 3131 2210 3199 υὶός
2240 3155 2353 3204 μου
2390 3133 2421 3190 ὁ
2456 3133 2765 3204 ἀγαπητός,
2800 3131 2863 3191 ἐν
2888 3124 2934 3210 ᾧ
2970 3133 3302 3202 εὐδόκησασ.

850 3301 940 3357 Nr.
982 3303 1081 3357 110
1118 3303 1216 3368 (Re
1249 3303 1334 3368 98)
1371 3297 1460 3358 ὅτι
1513 3303 1546 3355 ὁ
1599 3303 1772 3371 λόγος
1821 3311 1925 3358 τοῦ
1978 3299 2230 3374 ἀοράτου
2279 3306 2423 3358 θεοῦ
2462 3301 2553 3358 διὰ
2588 3301 2884 3374 παρθένου
2919 3303 3305 3372 τεχθήσεσθαι

683 3382 914 3454 ἔμελλεν
948 3389 1046 3441 καὶ
1080 3391 1184 3456 τὴν
1225 3383 1596 3458 ἀνθρωπίνην
1632 3385 2033 3456 ἀναλήψεσθαι
2070 3385 2271 3457 σάρκα,
2308 3389 2405 3442 καὶ
2434 3382 2533 3442 ἰ’να
2568 3378 2639 3442 δι’
2674 3385 2845 3455 αὐτῆς
2878 3385 2979 3441 τὸν
3016 3386 3304 3456 πρότερον

682 3468 1095 3538 κατισχύσαντα
1135 3481 1235 3527 τοῦ
1269 3469 1585 3543 ἀνθρώπου
1619 3469 1887 3542 διάβολον
1920 3469 2459 3539 καταγωνισάμενος
2480 3473 2560 3539 μὴ
2592 3469 2775 3538 μόνον
2798 3465 3104 3542 ἄφθαρτον
3130 3469 3307 3526 αὐτὸν

583 3561 650 3614 30
683 3555 780 3608 καὶ
817 3551 1114 3610 ἀθάνατον
1149 3556 1419 3624 γενέσθαι
1453 3553 1875 3628 παρασκευάσῃ,
1914 3551 2057 3610 ἀλλὰ
2092 3557 2191 3612 καὶ
2226 3554 2547 3627 σύνθρονον
2584 3552 2645 3610 ἐν
2682 3553 2951 3626 οὐρανοῖς
2984 3561 3065 3628 τῷ
3098 3557 3233 3626 θεῷ.

854 3723 948 3775 Nr.
979 3725 1072 3776 111
1111 3724 1212 3790 (Re
1235 3723 1321 3790 99)
1360 3719 1392 3776 ό
1431 3731 1569 3792 γοῦν
1601 3720 1857 3792 καταβὰς
1890 3723 1989 3777 καὶ
2022 3725 2123 3791 τὴν
2162 3720 2345 3792 σάρκα
2382 3720 2472 3778 διὰ
2506 3728 2605 3789 τῆς
2636 3719 2933 3792 παρθένου
2956 3717 3306 3793 προσλαβὼν

684 3803 1008 3874 κατεστάθη
1044 3805 1305 3876 βασιλεὺς
1339 3803 1434 3862 ἐπὶ
1457 3809 1558 3874 τὴν
1593 3803 1910 3876 ἐκκλησίαν,
1948 3807 2206 3875 δηλονότι
2236 3801 2335 3862 ἵνα
2368 3804 2459 3862 διὰ
2494 3814 2596 3862 τοῦ
2619 3806 2795 3876 λόγου
2830 3803 2861 3860 ὁ
2886 3815 2984 3873 τῆς
3016 3806 3307 3877 βασιλείας

685 3896 799 3945 τῶν
837 3887 1098 3962 οὐρανῶν
1132 3890 1416 3962 πρότερον
1469 3887 1852 3954 ἐκπεπτωκὼς
1904 3884 2214 3962 ἄνθρωπος
2247 3891 2535 3962 βασιλείας
2582 3899 2767 3961 τυχεῖν
2803 3892 3033 3959 δυνηθῇ.
3102 3895 3307 3943 τοῦτον

856 4074 1018 4129 1—-3
1051 4077 1142 4140 40,
1181 4075 1334 4130 5-7.
1404 4075 1530 4140 100,
1567 4075 1785 4138 11-14;
1841 4076 1889 4130 2
1922 4075 2015 4142 (μ
2066 4075 2133 4141 ω)
2185 4105 2252 4113 -
2317 4075 2365 4130 3
2408 4073 3187 4140 77,15—16.101,14—15
3237 4101 3307 4110 -

691 4144 858 4196 4-9
893 4143 1232 4208 50‚13—24
1263 4172 1331 4180 -
1367 4115 1629 4197 10—'13
1665 4142 1753 4206 50,
1772 4115 1976 4194 '26-3
2048 4143 2419 4198 -14-20
2466 4114 2548 4202 5ὀ
2585 4142 2885 4204 32-51,4
2938 4170 3008 4180 -
3053 4141 3307 4196 21—24

690 4211 767 4277 51,
790 4210 927 4261 6-9
950 4240 1013 4248 -
1053 4211 1318 4266 25-26
1354 4185 2020 4276 51,11-13-’27-3ο
2057 4211 2442 4276 51,15-19-
2466 4184 2681 4264 31-3.
2703 4181 2883 4276 269,
2908 4209 2956 4263 4
2991 4209 3075 4276 51,
3092 4207 3307 4260 27-34

861 4344 1058 4400 2J0h.
1099 4346 1180 4411 17,
1217 4344 1793 4409 5—511Timq2
1829 4347 1981 4398 5—
2038 4345 2545 4412 6K01.1‚16—-
2600 4344 2836 4399 loJoh.
2876 4345 2958 4406 17,
2996 4342 3306 4398 57--12

689 4411 878 4466 ITim.
916 4415 964 4478 2,
1002 4386 1458 4467 5—161J0h.
1495 4415 1575 4481 12,
1612 4411 2019 4468 28—25Ps.
2056 4417 2140 4478 44,
2178 4385 2781 4477 1?—2ssMatth.,3
2823 4414 2883 4465 17

863 4549 894 4602 1
935 4543 1216 4615 ἐξουσίαν]
1251 4548 1422 4613 δόξαν
1460 4547 1508 4600 V
1548 4549 1762 4608 100,11
1830 4551 1838 4615 Ι
1975 4545 2149 4616 μηδὲν
2184 4547 2403 4614 101,14
2466 4549 2474 4614 Ι
2542 4550 2620 4603 16
2658 4563 2720 4602 σε
2756 4557 2823 4606 <
2858 4546 2955 4600 ΝΤ
3005 4548 3015 4614 Ι
3084 4546 3157 4600 27
3200 4539 3309 4614 οτι]

693 4633 816 4668 zum
853 4615 1004 4669 Citafi
1038 4615 1312 4685 gehfirig‘?
1377 4618 1385 4681 Ι
1451 4617 1529 4671 28
1565 4614 1707 4683 καὶλ]
1742 4634 1809 4669 zu
1845 4617 1943 4669 Str.
1955 4567 2016 4666 ’ἐμ
2050 4618 2057 4682 Ι
2124 4617 2203 4671 29
2241 4588 2433 4684 αὐτὸν]
2468 4615 2505 4669 l.
2542 4612 2755 4682 αὗτὴνῖ
