3694 5582
745 515 824 576 52
1924 507 2191 562 Eusebius

743 677 858 740 καὶ
900 665 1114 740 πάλιν
1156 671 1459 758 ἐπιφέρει

873 773 1009 855 (Nr.
1058 775 1199 854 100)
1253 766 1362 838 διὰ
1425 774 1634 840 τοῦτο
1695 771 1822 858 γὰρ
1884 777 1995 840 καὶ
2052 768 2427 854 βασιλεύσει
2486 772 2645 856 [ἳνα]
2702 772 2777 839 ἐν
2829 775 2917 856 τῇ
2961 765 3363 858 ἀνθρωπίνῃ

873 875 1066 956 σαρκὶ
1107 864 1488 957 γενόμενος»
1533 867 1836 953 βασιλεύς
1868 897 1942 939 τε
1985 868 2329 952 καταστὰς
2360 869 2469 941 διὰ
2517 875 2643 941 τοῦ
2690 866 2897 957 λόγου
2925 863 2963 940 6
2992 865 3367 958 ἀπατηθεὶς

871 965 1215 1056 πρότερον
1246 967 1626 1056 ἄνθρωπος
1661 975 1927 1041 »πᾶσαν
1956 964 2203 1058 ἀρχὴν
2241 974 2367 1040 τοῦ
2398 966 2722 1052 διαβόλου
2771 975 2917 1040 »καὶ
2948 966 3233 1059 δύναμιν
3261 976 3363 1038 καὶ

677 1077 710 1130 5
873 1072 1178 1155 ἐξουσίαν
1221 1063 1681 1186 καταργήσειι.

749 1173 1048 1240 τοσαῦτα
1089 1175 1246 1256 περὶ
1291 1172 1412 1255 τῆς
1441 1165 1688 1255 σαρκὸς
1719 1172 1845 1238 τοῦ
1874 1173 2187 1256 σωτῆρος
2215 1174 2325 1237 καὶ
2360 1165 2637 1238 τούτων
2667 1171 2767 1237 ἔτι
2796 1174 3042 1257 πολλῷ
3082 1175 3365 1240 πλείονα
3397 1187 3455 1238 39

745 1266 983 1350 εἰπών
1027 1264 1244 1355 φήσας
1281 1272 1292 1354 Ι
1331 1295 1408 1338 τε
1437 1263 1652 1355 αὐτὴν
1683 1268 1854 1337 εἶναι
1885 1265 2015 1355 τὴν
2044 1263 2275 1338 εἰκόνα
2310 1274 2473 1338 »τοῦ
2501 1273 2673 1339 θεοῦ
2716 1273 2843 1338 τοῦ
2888 1263 3222 1354 auctivam
3258 1273 3366 1339 καὶ
3398 1285 3468 1341 50

749 1365 876 1437 τὸν
915 1362 1378 1455 πρωτότοκον
1414 1363 1666 1454 »πάσης
1694 1373 2012 1448 κτίσεως(
2058 1372 2171 1438 καὶ
2214 1363 2341 1436 τὸν
2370 1373 2641 1449 βασιλέα
2669 1373 2783 1438 καὶ
2812 1365 2941 1437 τὸν
2969 1363 3218 1455 Ἰησοῦν
3259 1374 3368 1436 καὶ

749 1463 878 1537 τὸν
923 1465 1225 1553 Χριστὸν
1268 1473 1380 1536 καὶ
1425 1463 1550 1536 τὸν
1591 1462 1953 1554 α’γαπητὸν
1993 1472 2105 1535 καὶ
2158 1458 2283 1538 ὅσα
2338 1464 2517 1536 ἄλλα
2568 1471 2957 1552 κατέλεξεν,
3018 1461 3103 1537 δι’
3156 1461 3370 1555 αύτὴν

646 1577 714 1632 10
749 1594 824 1636 τε
869 1571 1086 1636 ταῦτα
1128 1561 1360 1636 πάντα
1401 1571 1744 1654 κληθῆναι
1798 1563 1925 1635 τὸν
1980 1563 2189 1653 λόγον
2249 1561 2812 1655 ἀποφηνάμενος,
2874 1561 3120 1636 ὁποῖον
3179 1571 3373 1646 τέλος

750 1661 921 1753 αύτῇ
967 1672 1398 1752 περιτίθησιν
1440 1660 1571 1754 ἤδη
1619 1671 1969 1753 θεωρῆσαι
2012 1661 2263 1753 καιρός.

953 1769 1000 1835 4
1029 1767 1163 1849 (Nr.
1193 1771 1330 1849 100)
1355 1764 1476 1834 Διά
1506 1771 1715 1835 τοῦτο
1746 1762 1871 1852 γὰρ
1902 1762 2273 1846 βασιλεύσει
2304 1768 2379 1835 ἐν
2410 1771 2495 1853 τῇ
2524 1761 2937 1852 ἀνθρωπίνῃ
2968 1769 3159 1852 σαρκὶ
3190 1762 3372 1851 γενό-
3464 1759 3616 1816 ‹noto›

877 1889 1094 1951 μενος,
1139 1861 1446 1946 βασιλεύς
1490 1893 1564 1933 τε
1609 1862 1953 1946 καταστὰς
1996 1863 2107 1935 διὰ
2152 1869 2277 1934 τοῦ
2307 1861 2516 1951 λόγου
2555 1859 2593 1935 6
2624 1859 3004 1952 ἀπατηθεὶς
3032 1860 3377 1950 πρότερον
3402 1828 3648 1966 {inffss'ffgff

879 1960 1253 2048 ἄνθρωπος
1301 1969 1566 2034 »πᾶσαν
1594 1959 1840 2052 ἇρχὴνι
1894 1969 2020 2034 τοῦ
2050 1962 2371 2046 διαβόλου
2419 1969 2565 2034 »καὶ
2596 1962 2882 2050 δύναμιν
2925 1969 3035 2034 καὶ
3066 1967 3377 2048 ἐξουσίαν
3408 1971 3494 2030 λος
3518 1971 3567 2030 τῇ
3592 1969 3649 2015 τοῖ’

649 2073 713 2125 15
881 2059 1344 2151 καταργήσειε.
1438 2069 1578 2134 »δεῖ
1615 2061 1741 2150 γὰρ
1787 2059 1999 2132 αύτόν
2042 2061 2453 2151 βασιλεύειν«
2516 2072 2723 2150 φησὶν
2780 2089 2967 2151 »αχρι
3020 2054 3101 2133 οῦ
3156 2091 3242 2132 αν
3286 2069 3379 2150 θῇ
3446 2035 3629 2173 &gaz-Z

879 2159 1041 2240 τοὺς
1083 2161 1372 2249 ἐχθροὺς
1417 2158 1552 2233 ὑπὸ
1599 2162 1760 2245 τοὺς
1802 2159 2020 2244 πόδας
2062 2157 2335 2233 αύτοῦε.
2421 2168 2547 2248 τῆς
2593 2169 2831 2234 τοίνυν
2875 2168 3000 2232 τοῦ
3042 2159 3383 2233 δεσπότου
3410 2171 3649 2249 καὶτξσσες·

879 2256 1074 2348 ἡμῶν
1106 2265 1416 2348 Χριστοῦ
1444 2271 1775 2347 βασιλείας
1819 2268 2033 2332 τοῦτο
2080 2265 2277 2343 τέλος
2320 2259 2492 2332 εἶναί
2536 2286 2741 2350 φησιν
2786 2256 2824 2332 6
2870 2258 3045 2349 ἱερὸς
3090 2257 3382 2333 α’πόστο-
3412 2231 3649 2370 'uaga‘

881 2372 1019 2442 λος,
1066 2358 1151 2430 τὸ
1196 2358 1426 2432 πάντα
1469 2358 1897 2450 ὑποταγῆναι
1940 2379 2085 2444 τοῖς
2128 2368 2332 2431 ποσὶν
2376 2357 2603 2432 αύτοῦ.

753 2467 864 2529 καὶ
909 2458 1076 2547 μετὰ
1119 2467 1367 2548 βραχέα
1411 2464 1700 2548 ἐπιλέγει

651 2567 717 2622 20
880 2563 1017 2644 (Nr.
1067 2565 1208 2644 101)
1259 2565 1578 2647 μέγιστον
1629 2555 1788 2648 ἡμῖν
1841 2555 2211 2648 μυστήριον
2262 2564 2566 2630 ἐνταῦθα
2622 2555 2661 2630 6
2706 2556 3095 2641 ἀπόστολος
3138 2555 3381 2630 ἀνακα-

883 2657 1144 2740 λύπτει,
1191 2664 1388 2740 τέλος
1433 2665 1555 2747 μὲν
1602 2663 1869 2729 ἔσεσθαι
1916 2657 2201 2745 φάσκων
2247 2665 2368 2748 τῆς
2414 2665 2717 2746 Χριστοῦ
2758 2666 3119 2745 βασιλείας·
3184 2664 3381 2740 τέλος

881 2763 952 2828 δὲ
997 2752 1177 2839 τότε,
1226 2751 1400 2829 ὅταν
1442 2756 1674 2831 πάντα
1716 2754 2029 2847 ὑποταγῇ
2072 2757 2207 2831 ύπὸ
2254 2759 2416 2841 τοὺς
2458 2755 2677 2842 πόδας
2722 2755 2951 2831 αὐτοῦ.
3064 2798 3071 2805 -

751 2864 864 2929 καὶ
911 2862 1009 2929 ἔτι
1051 2864 1314 2947 μᾶλλον
1357 2856 1965 2947 ἐπεξεργαζόμενος
2008 2857 2137 2931 τὸν
2178 2855 2395 2930 αύτόν
2438 2854 2647 2947 λόγον
2692 2851 2915 2940 οὕτως
2958 2856 3201 2946 γράφει
3444 2875 3473 2928 2

877 2960 1013 3078 (tNr.
1059 2965 1202 3043 102)
1257 2959 1514 3046 ἔφαμεν
1566 2963 1642 3029 ἐν
1694 2978 1842 3041 τοῖς
1896 2956 2312 3047 προάγουσιν
2354 2954 2548 3047 ἡμῶν
2592 2960 2828 3047 ῥητοῖς
2872 2956 2999 3029 τὸν
3044 2955 3383 3045 δεσπότην

647 3066 715 3119 25
881 3052 1075 3145 ἡμῶν
1119 3054 1246 3126 τὸν
1277 3056 1577 3143 Χριστὸν
1609 3054 1821 3146 αρχὴν
1866 3061 2215 3146 ἐσχηκέναι
2260 3065 2619 3142 βασιλείας
2666 3062 2740 3129 ἐκ
2784 3086 2935 3128 των
2979 3064 3196 3127 θείων
3231 3084 3383 3145 γρα-

882 3163 1040 3243 φῶν
1101 3152 1523 3241 ἀποδείξεσιν
1581 3157 1948 3281 χρώμεήνοι
2027 3161 2211 3227 ἔστιν
2268 3165 2392 3247 μὲν
2451 3165 2569 3247 μία
2632 3154 2673 3247 ἦ
2729 3164 3015 3245 λέγουσα
3080 3157 3251 3244 »ἐγὼ
3314 3162 3383 3226 δὲ

878 3252 1313 3345 κατεστάθην
1355 3257 1663 3341 βασιλεὺς
1705 3254 1817 3327 ὑπ’
1864 3254 2077 3327 αύτοῦ
2120 3260 2228 3327 ἐπὶ
2271 3257 2469 3329 Σιων
2512 3250 2672 3343 ὄρος
2724 3256 2807 3327 τὸ
2860 3283 3058 3345 αγιον
3111 3252 3381 3335 m3tos2t,

881 3358 1077 3442 ἑτέρα
1121 3361 1196 3425 δέ
1242 3350 1316 3425 »6
1362 3354 1591 3442 κύριος
1635 3361 2074 3440 ἐβασίλευσεν,
2120 3351 2623 3444 όργιςέσθωσαν
2652 3362 2862 3440 aaut«,
2907 3362 3019 3427 καὶ
3058 3348 3257 3438 αὖθις
3308 3350 3380 3425 »6
3442 3366 3471 3418 3

880 3454 1110 3541 κύριος
1153 3458 1596 3543 ἐβασίλευσεν,
1654 3452 2095 3542 αγαλλιάσθω
2141 3452 2181 3544 ἡ
2224 3462 2365 3545 γῆς.
2450 3462 2561 3525 καὶ
2615 3450 2799 3538 ολως
2839 3463 3103 3544 μυρίων
3146 3456 3381 3545 ρητων
3640 3532 3642 3535 ⁴

647 3562 716 3613 30
875 3554 1052 3642 πρὸς
1095 3563 1470 3643 μαρτυρίαν
1516 3558 1700 3625 ἐστιν
1743 3550 2215 3642 εύπορὴσαντα
2260 3562 2482 3641 δεῖξαι,
2523 3548 2691 3628 46*ζ
2666 3552 2776 3625 ότι
2806 3552 3019 3643 ἀρχὴν
3048 3562 3379 3638 βασι-λείας
3640 3555 3642 3614 ¹

879 3657 1158 3741 εἴληφεν
1189 3649 1226 3723 6
1260 3653 1637 3740 ανθρωπος
1670 3653 1778 3725 διὰ
1811 3661 1938 3725 τοῦ
1969 3651 2191 3743 λόγου.
2253 3660 2309 3724 εἰ
2338 3656 2463 3725 οὐν
2492 3658 2772 3743 εἴληφεν
2804 3650 3017 3742 ἀρχὴν
3048 3661 3381 3738 βασιλείας

875 3752 1011 3841 πρὸ
1056 3756 1237 3824 ἐτῶν
1266 3746 1456 3821 όλων
1503 3750 1585 3823 ού
1630 3751 1977 3826 πλειόνων
2026 3749 2131 3842 <ἢ>
2178 3763 2655 3841 τετρακοσίων,
2703 3750 2901 3826 οὐδὲν
2961 3749 3377 3842 παράδοξον,

881 3856 940 3921 εἰ
983 3850 1111 3921 τὸν
1152 3850 1284 3937 πρὸ
1331 3844 1551 3933 ου’τως
1595 3846 1829 3939 ὀλίγου
1870 3850 2123 3942 χρόνου
2166 3859 2289 3941 τῆς
2331 3859 2665 3939 βασιλείας
2708 3851 2960 3941 ταύτης
3003 3848 3299 3941 τυχόντα
3342 3846 3379 3920 6

509 2954 514 2968 1
583 2944 588 2956 ι

545 2969 588 2989 ud

925 4120 963 4174 4
999 4120 1024 4173 Ι
1060 4120 1188 4175 Kor.
1227 4124 1306 4187 15,
1344 4121 1411 4175 24
1446 4151 1512 4159 —
1571 4120 1648 4179 71
1679 4120 1805 4175 Kol.
1843 4126 1890 4186 1,
1929 4126 1994 4177 15
2018 4152 2083 4161 -—
2124 4122 2225 4177 711’
2255 4121 2367 4190 vgl.
2403 4122 2497 4175 Nr.
2524 4122 2606 4177 83.
2644 4126 2794 4177 4—7.
2832 4124 2897 4177 37
2950 4152 3017 4160 —
3076 4122 3151 4177 14
3190 4122 3211 4174 1
3250 4120 3378 4175 Kor.

753 4220 924 4289 15‚24
959 4250 1026 4259 —-
1063 4221 1138 4277 15
1177 4220 1202 4273 Ι
1235 4220 1365 4275 Kor.
1405 4224 1485 4285 15,
1523 4224 1589 4277 25
1626 4252 1693 4261 -
1731 4222 1810 4277 26
1847 4221 1936 4277 Ps.
1974 4224 2020 4288 2,
2060 4224 2092 4279 6
2128 4253 2191 4263 -—
2233 4224 2309 4279 28
2347 4222 2436 4278 ΡΒ.
2472 4224 2555 4287 98,
2594 4226 2623 4277 1
2660 4254 2726 4262 —
2762 4222 2849 4277 ΡΒ.
2886 4224 2969 4287 96,
3009 4226 3037 4277 1

923 4470 958 4525 2
1013 4468 1332 4541 βασιλεύσει
1377 4470 1470 4525 Mo
1523 4468 1632 4541 vgl.
1687 4470 1740 4524 Z.
1779 4472 1844 4525 12
1906 4471 2224 4541 βασιλεύειν
2272 4467 2371 4527 ἵνα
2425 4471 2475 4526 V
2548 4473 2558 4542 Ι
2626 4473 2661 4527 3
2714 4469 3030 4542 ἀπατηθεὶς
3081 4474 3133 4527 Ζ.
3174 4476 3237 4529 13
3288 4491 3375 4528 κε·

751 4573 957 4637 νωθεὶς
993 4571 1042 4623 V
1099 4572 1104 4637 Ι
1161 4572 1196 4627 5
1234 4573 1580 4640 καταργήσει
1619 4573 1672 4625 Ζ.
1711 4575 1775 4627 15
1810 4576 2139 4645 καταργὴση
2180 4573 2227 4627 V
2278 4576 2289 4640 1
2345 4570 2419 4628 12
2463 4572 2785 4645 βασιλεύσει
2820 4574 2899 4629 V²
2939 4573 3259 4647 βασιλεύειν
3296 4576 3376 4628 V*

755 4675 760 4728 Ι
829 4674 900 4728 17
940 4680 1112 4728 τοῦτο
1147 4689 1174 4725 r
1211 4662 1279 4727 οὗ
1311 4670 1378 4727 τὸ
1416 4672 1465 4725 V
1505 4666 1654 4727 οὕτω
1691 4686 1772 4726 mr
1829 4676 1836 4741 Ι
1888 4674 1961 4729 32
1998 4672 2033 4743 ἢ
2070 4672 2197 4729 and.
2234 4674 2311 4729 St.
