3694 5582
685 517 800 576 144
1867 504 2134 562 Eusebius

683 677 812 744 τοῦ
871 665 1190 754 ὕδατοςε,
1255 665 1810 759 άναγκαίως.διὰ
1872 675 2020 740 τῶν
2078 675 2553 758 προκειμένων
2613 665 2909 738 διδάσκει
2979 673 3091 736 καὶ
3150 671 3306 752 περὶ

557 840 566 861 2
685 767 918 842 αὐτῶν
963 764 1000 840 6
1043 767 1186 855 υἱὸς
1231 775 1358 840 τοῦ
1401 775 1570 843 θεοῦ
1615 761 1726 840 ὅτι
1765 797 1842 838 τε
1884 767 2274 857 χενητῖεἲη
2318 776 2432 842 καὶ
2476 765 2573 851 ὥς
2616 764 2823 850 αὐτὸς
2850 764 2986 854 πρὸ
3015 761 3305 836 πάντων

565 898 570 933 =
685 875 786 960 εἴη
827 881 940 940 καὶ
983 864 1078 940 δι’
1121 866 1336 941 αὐτοῦ
1380 867 1466 939 τὰ
1511 866 1738 940 πάντα
1781 875 2138 958 πεποίητο.
2224 865 2331 941 διό
2376 891 2585 958 φησιν
2650 865 2825 953 »πρὸ
2886 871 3013 937 τοῦ
3054 871 3305 946 αἰῶνος
3338 881 3409 934 26

567 954 580 1057 ¹}
685 973 1137 1058 ἐθεμελίωσέν
1179 997 1286 1058 με,
1341 973 1416 1039 ἐν
1457 963 1624 1056 ἀρχῇ
1667 966 1804 1056 πρὸ
1850 973 1977 1038 τοῦ
2020 967 2151 1058 τὴν
2194 975 2321 1058 γῆν
2362 975 2637 1058 ποιῆσαι
2679 972 2792 1038 καὶ
2833 963 2968 1052 πρὸ
3004 971 3132 1036 τοῦ
3184 965 3306 1045 τὰς

563 1068 651 1136 '5
687 1067 1012 1155 ἀβύσσους
1071 1074 1377 1156 ποιῆσαι,
1450 1067 1585 1157 πρὸ
1651 1073 1782 1139 τοῦ
1843 1078 2217 1155 προελθεῖν
2272 1068 2397 1152 τὰς
2466 1067 2685 1156 πηγὰς
2754 1074 2905 1138 τῶν
2974 1062 3307 1136 ὁδάτωνι.

687 1177 903 1256 τριῶν
950 1173 1022 1240 δὲ
1065 1165 1336 1238 τούτων
1376 1164 1875 1257 μνημονεύσας,
1917 1173 2039 1256 γῆς
2080 1175 2197 1238 καὶ
2238 1164 2530 1253 ἀβύσσου
2568 1173 2681 1238 καὶ
2724 1161 2999 1250 ὕδατος,
3062 1163 3145 1236 τὸ
3208 1171 3309 1235 τέ·

685 1295 945 1356 ταρτον
989 1265 1222 1355 ἐπάγει
1280 1277 1678 1339 τελευταῖον
1740 1264 1823 1338 τὸ
1884 1284 2201 1355 κρεῖττον
2262 1265 2567 1354 φυλάξας
2626 1265 2755 1338 τὸν
2808 1261 3129 1356 οὐρανόν·
3205 1261 3309 1334 διὸ

686 1373 987 1457 ἐπιφέρει
1049 1369 1200 1455 ἑξῆς
1268 1362 1504 1454 »ἡνίκα
1563 1361 1925 1454 ἦτοίμαζεν
1984 1365 2111 1438 τὸν
2170 1362 2468 1456 οὐρανὸν
2540 1363 2989 1457 συμπαρήμην
3058 1358 3307 1453 αὖτῷε.

692 1466 964 1539 τούτων
1007 1475 1245 1539 τοίνυν
1285 1463 1422 1537 ὑπὸ
1469 1471 1592 1555 τῆς
1635 1474 1828 1548 θείας
1871 1471 2139 1555 γραφῆς
2188 1470 2489 1555 ἐναργῶς
2547 1471 3096 1555 παρισταμένων,
3158 1473 3309 1550 βρα-
3342 1479 3409 1533 27

587 1580 654 1633 10
687 1575 868 1656 χείας
929 1595 1006 1638 τε
1057 1561 1215 1654 παρ’
1279 1561 1474 1654 ἡμῶν
1537 1594 1634 1647 ως
1684 1570 1759 1636 ἐν
1809 1569 2099 1656 ἐπιτομῇ
2162 1564 2525 1656 διηγήσεως
2587 1562 3093 1655 τετυχηκότων,
3154 1567 3307 1634 ἐπα-

687 1665 1040 1756 κούσωμεν
1083 1695 1276 1748 οπως
1321 1663 1724 1754 Μάρκελλος
1762 1673 1967 1754 χαμαὶ
2018 1666 2254 1751 βαλων
2296 1666 2428 1756 τὴν
2472 1663 2780 1739 διάνοιαν
2797 1672 3050 1788 ςταῦτα
3076 1660 3310 1735 πάντα

690 1771 1160 1854 διισχυρίζεται
1202 1769 1356 1853 περὶ
1400 1771 1524 1854 τῆς
1577 1763 1822 1852 σαρκὸς
1864 1769 2199 1854 εἰρῆσθαι,
2248 1769 2327 1857 ῆς
2372 1763 2737 1854 ἀνείληφεν
2780 1760 2819 1837 6
2863 1762 3112 1854 σωτήρ,
3156 1761 3309 1854 γρά-

691 1893 850 1952 φων
891 1864 1068 1936 κατὰ
1111 1871 1295 1950 λέξιν
1341 1870 1594 1935 τοῦτον
1641 1864 1768 1936 τὸν
1813 1863 2083 1952 τρόπον

813 1967 951 2051 (Nr.
1001 1969 1101 2052 10)
1145 1961 1403 2035 τούτου
1448 1970 1684 2035 τοίνυν
1737 1993 1965 2047 ουτως
2008 1993 2307 2053 εχοντος,
2364 1960 2761 2038 ἀκόλουθόν
2804 1970 2989 2038 ἐστιν
3028 1983 3312 2035 σκοπεῖν
3342 1977 3414 2030 28

587 2076 655 2129 15
815 2071 901 2152 τῇ
947 2070 1212 2154 διανοίᾳ
1255 2061 1339 2134 τὸ
1396 2069 1881 2152 παροιμιωδῶς
1933 2069 2285 2154 εἰρημένον
2346 2073 2541 2136 τουτὶ
2601 2061 2979 2150 κεφάλαιον
3044 2060 3309 2150 »κύριος

818 2168 1080 2235 ἔκτισέν
1119 2191 1200 2252 με
1243 2159 1459 2251 ἀρχὴν
1495 2158 1681 2234 ὁδῶν
1735 2159 2007 2285 ‘wwfi‘i
2094 2167 2355 2236 ἔκτισεν
2408 2163 2531 2254 γὰρ
2595 2160 2878 2255 ἀληθῶς
2938 2163 3020 2235 τὸ
3080 2161 3171 2253 μὴ
3230 2189 3313 2230 ον

815 2291 1211 2353 πεποιηκως
1253 2257 1292 2332 6
1339 2260 1672 2350 δεσπότης
1715 2258 1913 2350 ἡμῶν
1956 2257 1995 2334 6
2039 2261 2275 2346 θεός·
2298 2261 2423 2335 οὐκ
2479 2255 2689 2336 οὖσαν
2741 2265 2866 2353 γὰρ
2911 2261 3041 2352 τὴν
3082 2258 3309 2350 σάρκα,

814 2361 898 2453 ἣν
943 2357 1305 2450 ἀνείληφεν
1349 2357 1387 2433 6
1433 2357 1653 2450 λόγος,
1700 2357 1879 2433 ἀλλὰ
1922 2360 2011 2452 μὴ
2058 2367 2269 2434 οὖσαν
2310 2366 2589 2435 ἔκτισεν.

689 2469 800 2532 καὶ
842 2466 1131 2549 ἐπιλέγει

589 2579 658 2634 20
815 2565 954 2644 (Nr.
1003 2567 1106 2646 17)
1149 2556 1403 2632 οὐκοῦν
1447 2566 1504 2632 εἰ
1546 2567 1660 2632 καὶ
1700 2561 1788 2633 τὰ
1831 2558 2125 2651 μάλιστα
2154 2558 2261 2635 ἐπ
2306 2559 2611 2650 ἐσχάτων
2641 2569 2789 2634 τῶν
2814 2569 3077 2653 καιρῶν
3118 2570 3314 2634 τουτὶ

814 2665 926 2733 ’78¹'
969 2657 1209 2731 καινὸν
1253 2656 1558 2748 ἐπεφάνη
1609 2658 2015 2750 μυστήριον,
2078 2660 2173 2746 ὦς
2228 2667 2237 2748 Ι
2304 2661 2413 2733 διὰ
2454 2668 2666 2734 τοῦτο
2710 2661 2847 2751 πρὸ
2889 2669 3019 2734 τοῦ
3060 2668 3315 2744 αἰῶνος
3354 2673 3478 2729 155

815 2757 1072 2831 τούτου
1112 2767 1566 2848 προωρίσθαι,
1612 2755 1894 2844 εἰκότως
1956 2755 1995 2833 6
2054 2758 2420 2852 προφήτης
2480 2764 2609 2852 ἔφη
2674 2762 2845 2851 »πρὸ
2890 2769 3017 2837 τοῦ
3059 2768 3314 2845 αἰῶνος

817 2864 1264 2947 ἐθεμελίωσέν
1305 2886 1445 2947 μει,
1491 2857 1816 2949 δηλονότι.
1860 2860 1991 2950 τὴν
2032 2859 2261 2951 σάρκα.

691 2964 803 3031 καὶ
846 2952 1046 3041 αὖθις
1085 2956 1318 3048 ἐπάγει
1361 2965 1580 3047 λέγων
3350 2978 3419 3033 29

591 3075 658 3131 25
817 3062 955 3146 (Nr.
1003 3064 1106 3145 18)
1162 3059 1308 3129 εἶτα
1357 3062 1468 3129 »ἐν
1513 3055 1717 3147 ἀρχῇ(
1770 3068 1977 3148 φησὶν
2036 3059 2207 3149 »πρὸ
2253 3066 2380 3133 τοῦ
2425 3060 2555 3151 τὴν
2595 3068 2723 3151 γῆν
2766 3068 3101 3151 ποιῆσαιι.
3186 3067 3315 3152 γῆν

814 3166 1023 3229 ποίαν
1067 3156 1325 3246 ταύτην
1367 3154 1476 3247 <η>
1539 3156 1865 3246 δηλονότι
1927 3158 2057 3249 τὴν
2120 3156 2449 3281 ἡμετέραν
2500 3159 2741 3251 σάρκα,
2802 3162 2933 3251 τὴν
2972 3161 3143 3249 μετὰ
3186 3161 3317 3251 τὴν

813 3256 1170 3347 παρακοὴν
1212 3263 1340 3347 γῆν
1383 3250 1580 3341 αὖθις
1625 3266 2024 3349 γενομένην;
2072 3266 2229 3350 »γῆς
2279 3260 2407 3349 γὰρ
2456 3262 2584 3332 »εἷα
2636 3267 2843 3351 φησὶν
2890 3268 3037 3331 »καὶ
3066 3268 3159 3345 εἰς
3188 3268 3317 3351 γῆν

783 3352 1210 3476 ‘daei-effla«.

692 3448 852 3547 ὁρᾷς
890 3450 1055 3528 ὅσον
1112 3454 1500 3547 διήμαρτεν,
1564 3462 1685 3545 τῆς
1747 3464 1870 3545 μὲν
1933 3455 2199 3541 εὐθείας
2263 3463 2647 3549 ἐκτραπείς,
2710 3480 3027 3549 τραχεῖαν
3088 3467 3314 3533 δὲκαὶ

587 3572 656 3625 30
693 3554 1025 3640 δύσβατον
1069 3564 1180 3625 καὶ
1225 3552 1455 3645 ωσπερ
1500 3557 1655 3627 τινὰ
1708 3552 2110 3648 ἀνεξίτητον
2170 3560 2393 3649 εαυτῷ
2454 3559 2863 3651 περινοήσας
2917 3556 3097 3633 ὁδόν.
3182 3570 3313 3634 θέα
3348 3577 3421 3633 30

691 3660 856 3743 γοῦν
901 3682 1090 3737 οπως
1131 3652 1513 3741 ἐξεβιάσατο
1573 3652 1804 3727 πάντα
1862 3663 2127 3745 μᾶλλον
2178 3655 2627 3748 ἀναίσχυντον
2666 3668 2779 3732 καὶ
2822 3657 3065 3749 ἀναιδῆ
3108 3656 3317 3747 λόγον

694 3760 1120 3841 φθέγξασθαι
1161 3750 1532 3843 υπομείνας
1573 3783 1614 3843 η
1663 3754 1791 3845 τὴν
1837 3764 2093 3843 σοφίαν
2136 3755 2351 3831 αὐτὸν
2395 3760 2567 3831 εἶναι
2610 3759 2737 3833 τὸν
2780 3762 2931 3833 υἱὸν
2976 3768 3103 3836 τοῦ
3146 3766 3317 3833 θεοῦ

692 3846 1120 3941 ὁμολογῆσαι.
1207 3851 1290 3923 τὸ
1333 3859 1455 3941 μὲν
1499 3858 1627 3925 οὖν
1693 3854 1959 3943 »κύριος
2022 3861 2283 3929 ἔκτισέν
2334 3888 2413 3947 με
2466 3856 2681 3949 ἀρχὴν
2734 3856 2921 3932 ὁδῶν
2964 3857 3179 3935 advos,
3222 3866 3315 3944 εἰς
3352 3880 3419 3933 31

692 3952 851 4061 εργα
893 3948 1137 4021 αυτοῦ(
1197 3959 1299 4042 τῷ
1355 3959 1482 4024 τοῦ
1524 3962 1832 4043 σωτῆρος
1888 3952 2208 4045 ἀναφέρει
2250 3960 2635 4049 προσώπῳ,
2692 3956 3056 4050 ὁμολογῶν
3100 3956 3315 4032 αυτὸν

588 4067 656 4121 35
692 4050 861 4122 εἶναι
887 4048 1016 4120 τὸν
1046 4053 1123 4120 ἐν
1149 4060 1548 4141 Παροιμίαις
1579 4060 1796 4123 ταῦτα
1829 4052 2205 4141 φάσκοντα.
2278 4063 2452 4146 λέγει
2482 4056 2549 4129 δ’
2594 4053 2721 4130 οὗν
2748 4056 2981 4143 αυτοῖς
3024 4059 3315 4151 ρήμασιν

863 4220 900 4275 3
962 4221 2289 4289 Prov....,82324-8Pr0v827-15
2340 4228 3317 4297 Prov.,822-20Hebr.1,2.

690 4320 716 4373 I
767 4319 883 4375 Pet.
938 4324 985 4389 1,
1021 4322 1126 4378 20?
1177 4352 1244 4363 -
1299 4326 1376 4379 22
1426 4324 1585 4379 Prov.
1619 4324 1668 4387 8,
1705 4325 1772 4379 23
1825 4354 1893 4364 -·
1946 4326 2023 4382 25
2060 4326 2219 4383 Prov.
2272 4331 2331 4393 8,
2368 4332 2435 4385 23
2487 4361 2556 4372 —
2606 4332 2681 4387 27
2742 4333 2873 4389 Gen.
2912 4337 2960 4400 3,
2996 4335 3062 4389 19
3116 4361 3185 4372 —
3237 4331 3316 4388 88

692 4422 854 4476 Prov.
888 4426 936 4487 8,
975 4424 1043 4477 22

861 4574 939 4629 16
977 4571 1172 4643 αὐτοῦ]
1213 4580 1280 4639 -Ι-
1315 4572 1396 4639 εἰς
1431 4569 1574 4646 ἔργα
1611 4574 1786 4633 αὐτοῦ
1821 4576 1949 4631 and.
1988 4579 2065 4633 St.
2130 4582 2139 4648 Ι
2206 4583 2280 4638 21
2338 4578 2604 4651 ἀπεφάνη
2640 4583 2714 4651 V,
2753 4601 2887 4639 corr.
2926 4583 3056 4648 Wo;
3102 4592 3169 4649 -1-
3204 4583 3317 4641 ⁴1:6¹?

693 4674 699 4739 Ι
766 4674 842 4729 26
877 4672 912 4743 ἢ
947 4675 1073 4729 and.
1111 4676 1185 4729 St.
