3694 5582
1242 482 1310 538 de
1343 483 1716 538 ecclesiastica
1747 483 2037 552 theologia.
2068 485 2093 536 I
2129 486 2210 540 20.
2946 492 3025 553 97

406 655 518 718 καὶ
570 644 783 736 λόγον
835 643 1283 738 σημαντικόν,
1343 651 1519 719 ποτὲ
1569 651 1692 736 μὲν
1747 643 2167 736 ἡσυχάζοντα
2220 651 2295 717 ἐν
2338 652 2439 736 τῷ
2487 653 2659 736 θεῷ,
2722 652 2895 718 ποτὲ
2956 650 3027 718 δὲ

407 751 702 840 ἐνεργεία
743 745 920 838 μόνῃ
966 753 1313 818 λαλοῦντα
1359 751 1694 834 [λέγοντα]
1741 742 1785 834 ἢ
1827 743 2249 834 πράττοντα,
2294 741 2339 834 ἢ
2385 745 2491 817 διὰ
2530 743 2615 817 τὸ
2658 743 3027 831 Σαβελλιά-

407 857 546 934 ζειν
587 845 906 934 ἄντικρυς
947 854 1060 918 καὶ
1104 845 1192 936 μὴ
1235 844 1575 918 πιστεύειν
1620 851 1714 928 εἰς
1757 844 1888 917 τὸν
1930 845 2083 917 υἱὸν
2128 852 2253 917 τοῦ
2282 852 2451 917 θεοῦ
2480 850 2644 936 μηδὲ
2674 853 3025 934 γνωρίζειν

404 944 486 1017 τὸ
529 944 902 1036 μυστήριον
947 945 1030 1018 τὸ
1073 943 1525 1036 προϋπάρχον
1578 949 1703 1034 μὲν
1752 942 1996 1030 πάλαι,
2059 942 2233 1034 μόνῃ
2278 949 2348 1015 δὲ
2394 953 2478 1034 τῇ
2523 948 2837 1036 ἐκκλησία
2896 949 3075 1021 τοῦ

335 1061 368 1114 5
404 1052 705 1132 Χριστοῦ
747 1045 858 1118 διὰ
904 1051 1026 1135 τῆς
1087 1042 1300 1116 αὐτοῦ
1361 1050 1770 1132 φανερωθὲν
1821 1042 2125 1134 χάριτος;
2189 1047 2246 1116 εἰ
2298 1049 2368 1114 δὲ
2422 1050 2607 1132 λέγοι
2648 1042 3020 1133 μυστήριον
3056 1056 3123 1112 92

402 1146 575 1217 εἶναι
617 1142 1080 1234 ἀγνοούμενον
1126 1145 1206 1218 τό
1252 1141 1465 1235 λόγον
1510 1148 1682 1233 ἔχειν
1741 1147 1817 1216 ἐν
1880 1145 2100 1233 ἑαυτῷ
2164 1143 2289 1214 τὸν
2348 1143 2519 1217 θεὸν
2570 1150 2681 1214 καὶ
2730 1149 3021 1232 χρῆσθαι

398 1240 586 1334 λόγῳ
667 1250 904 1331 (τοῦτο
989 1244 1117 1333 γὰρ
1191 1242 1380 1334 αὐτῷ
1453 1225 1828 1334 Μαρκέλλῳ
1904 1249 2093 1315 δοκεῖ
2159 1251 2415 1316 τοῦτον
2486 1241 2825 1332 γράφοντι
2898 1242 3024 1315 τὸν

397 1339 671 1432 τρόπον

525 1447 660 1530 (Nr.
707 1449 812 1530 45)
858 1451 925 1514 τί
968 1443 1092 1532 γὰρ
1140 1443 1376 1532 ἕτερον
1416 1433 1502 1531 ἦν
1548 1438 2145 1532 ἀποκεκρυμμένον
2174 1440 2549 1532 μυστήριον
2581 1437 2655 1532 <ἢ
2686 1442 2801 1531 τὸ)
2844 1442 3020 1514 κατὰ

293 1560 361 1614 10
525 1541 652 1614 τὸν
696 1541 938 1632 λόγον;
981 1536 1206 1626 οὕτως
1251 1548 1322 1613 δὲ
1366 1534 1453 1632 ἦν
1497 1539 2097 1632 ἀποκεκρυμμένον
2142 1547 2216 1614 ἑν
2260 1547 2359 1631 τῷ
2406 1549 2551 1632 θεῷ
2598 1547 2809 1614 τοῦτο
2855 1538 3021 1628 πρό-

525 1669 730 1731 τερον
773 1640 856 1714 τὸ
909 1641 1306 1732 μυστήριον,
1363 1640 1542 1716 ωστε
1583 1648 1835 1732 μηδένα
1880 1648 2005 1713 τοῦ
2046 1649 2387 1730 προτέρου
2440 1648 2612 1714 λαοῦ
2654 1648 2889 1728 σαφῶς
2935 1640 3019 1711 τὰ

519 1740 696 1813 κατὰ
738 1739 864 1812 τὸν
889 1737 1117 1861 ,λόγον
1162 1747 1429 1828 εἰδέναι)
1471 1783 1554 1794 -

391 1845 454 1909 εἰ
498 1838 580 1929 δὴ
625 1831 751 1911 οὗν
792 1847 1005 1914 τοῦτο
1052 1849 1262 1931 λέγοι,
1308 1848 1724 1930 μανθανέτω
1788 1837 1898 1915 ὅτι
1958 1849 2070 1913 καὶ
2131 1847 2265 1924 πᾶς
2306 1836 2645 1913 Ἰουδαίων
2702 1849 2848 1913 τῶν
2868 1841 3159 2015 τὸΓἿ

393 1938 702 2036 Χριστὸν
763 1947 890 2012 τοῦ
951 1947 1120 2013 θεοῦ
1187 1941 1278 2031 μὴ
1338 1937 1841 2030 ἐπεγνωκότων
1910 1937 2392 2031 ὁμολογήσειεν
2454 1969 2537 2010 αν
2610 1939 2736 2012 τὸν
2808 1937 3017 2030 λόγον

291 2055 356 2110 15
390 2040 572 2126 ἔχειν
617 2038 744 2110 τὸν
786 2039 956 2112 θεὸν
996 2048 1108 2113 καὶ
1150 2039 1240 2131 μὴ
1285 2040 1458 2112 εἶναι
1503 2039 1775 2129 ἄλογον.
1864 2046 2072 2113 τοῦτο
2118 2047 2190 2112 δὲ
2232 2048 2346 2110 καὶ
2388 2045 2763 2122 Σαβέλλιος
2810 2037 3014 2124 αυτὸς
3050 2056 3116 2111 93
3154 2026 3161 2093 Ῑ

388 2145 508 2208 καὶ
549 2143 684 2220 πᾶς
713 2131 964 2228 ζἘλλην
1016 2169 1092 2210 τε
1135 2148 1246 2210 καὶ
1289 2137 1652 2229 βάρβαρος,
1698 2135 1736 2211 6
1779 2138 1951 2212 θεὸν
1996 2141 2167 2211 εἶναι
2210 2137 2683 2228 υφισταμενος
2728 2137 3151 2230 &vamme-1²

389 2243 659 2321 λέκτως
703 2237 912 2328 φήσαι
957 2237 1068 2310 ἄν·
1139 2268 1274 2329 αμα
1333 2241 1460 2330 γὰρ
1522 2248 1627 2331 τῷ
1680 2238 1853 2311 θεὸν
1897 2245 2133 2322 εἰπεῖν,
2193 2247 2305 2311 καὶ
2350 2237 2578 2332 σοφὸν
2618 2236 2829 2324 αὐτὸν
2875 2258 3021 2313 νοεῖ

387 2344 506 2408 καὶ
552 2337 883 2432 λογικὸν
874 2345 987 2409 καὶ
1033 2338 1330 2422 δυνατὸν
1371 2345 1486 2413 καὶ
1531 2333 1795 2412 δίκαιον
1839 2347 1950 2408 καὶ
1996 2333 2281 2429 ἀγαθόν.
2353 2359 2556 2410 ποῖον
2597 2331 2726 2408 οὖν
2766 2336 3037 2429 μυστή-

385 2465 546 2528 ριον
589 2430 675 2526 ἦν
717 2434 1315 2528 ἀποκεκρυμμένον
1370 2437 1451 2511 τὸ
1507 2457 1651 2522 τοῖς
1695 2445 1903 2511 πᾶσιν
1948 2433 2528 2528 ὁμολογούμενον,·
2574 2444 2677 2521 τίς
2721 2436 2845 2527 γὰρ
2888 2435 3013 2509 οὐκ

286 2548 351 2604 20
389 2535 482 2609 ἂν
529 2541 708 2608 εἴποι
750 2543 825 2609 ἐν
869 2545 972 2629 τῷ
1018 2545 1164 2629 θεῷ
1219 2547 1470 2625 σοφίαν
1522 2539 1691 2610 εἶναι
1751 2545 1863 2610 καὶ
1925 2537 2211 2626 δύναμιν
2268 2545 2383 2608 καὶ
2411 2536 2631 2657 οζωὴν
2688 2545 2799 2609 καὶ
2862 2545 3012 2625 φῶς

381 2643 502 2708 καὶ
565 2632 900 2727 ἀλήθειαν
969 2645 1081 2709 καὶ
1143 2637 1576 2727 δικαιοσύνην
1635 2644 1747 2708 καὶ
1809 2634 2020 2726 λόγον
2062 2645 2174 2708 καὶ
2218 2643 2361 2709 πᾶν
2404 2668 2441 2708 ο
2498 2667 2566 2709 τι
2624 2636 2841 2708 καλὸν
2902 2646 3012 2708 καὶ

382 2733 690 2825 ἀγαθόν;
749 2743 1012 2828 μᾶλλον
1071 2742 1142 2808 δὲ
1206 2733 1423 2810 αὐτὸν
1467 2739 1638 2810 εἶναι
1681 2735 1913 2810 πάντα
1959 2743 2176 2809 ταῦτα
2235 2743 2346 2809 καὶ
2411 2746 2421 2824 Ι
2490 2741 2549 2808 ει
2608 2764 2677 2807 τι
2737 2734 3013 2808 τούτων
3050 2749 3165 2805 101

383 2831 746 2923 ἀνώτερόν
788 2866 865 2909 τε
915 2847 1028 2910 καὶ
1079 2856 1400 2925 κρεῖττον
1448 2846 1556 2909 καὶ
1612 2834 1771 2928 ἡμῖν
1825 2837 2209 2926 ἄγνωστον·
2285 2843 2503 2907 ταῦτα
2561 2836 2685 2925 γὰρ
2749 2833 3012 2909 αυτοδί-

383 2942 640 3020 δακτος
685 2934 880 3023 φύσις
926 2933 1282 3027 ὁμολογεῖν
1325 2946 1481 3027 περὶ
1526 2944 1651 3010 τοῦ
1693 2942 1865 3010 θεοῦ
1894 2933 2127 3008 πάντα
2158 2935 2539 3025 ανθρωπον
2566 2934 3010 3025 ἐξαναγκάζει.

283 3050 347 3103 25
382 3037 598 3107 ἔνθεν
639 3042 750 3107 καὶ
796 3036 924 3109 τὸν
965 3036 1117 3109 υἱὸν
1163 3034 1619 3126 διδασκόμεθα
1663 3034 1894 3108 πάντα
1956 3042 2173 3108 ταῦτα
2234 3036 2432 3120 εἶναι,
2498 3028 2618 3107 ὅτε
2677 3042 3009 3126 μονογενῆ
3046 3052 3114 3109 94

381 3132 541 3205 υἱὸν
582 3140 693 3205 καὶ
735 3132 1167 3226 κληρονόμον
1210 3130 1382 3209 ὄντα
1427 3144 1554 3208 τοῦ
1595 3134 1859 3225 πατρὸς
1912 3142 2023 3207 καὶ
2080 3132 2283 3207 πάντ’
2340 3139 2585 3222 ἔχοντα
2639 3130 2763 3208 ὅσα
2816 3142 2921 3206 καὶ
2971 3132 3009 3208 o‘

377 3232 635 3324 πατήρ.
721 3234 826 3306 διὸ
882 3241 955 3307 ἐν
1009 3244 1238 3325 μορφῇ
1282 3243 1452 3310 θεοῦ
1505 3243 1816 3310 λέλεκται
1860 3243 1972 3305 καὶ
2030 3236 2234 3306 εἰκών
2280 3242 2406 3307 τοῦ
2448 3240 2619 3306 θεοῦ
2660 3233 2835 3306 κατὰ
2882 3234 3009 3305 τὸν

379 3345 587 3405 θετον
631 3329 1026 3407 ἀπόστολον
1079 3334 1394 3425 φήσαντα
1452 3364 1565 3419 »ος
1608 3339 1682 3408 ἐν
1727 3343 1959 3423 μορφῇ
2014 3342 2182 3407 θεοῦ
2224 3330 2552 3423 υπάρχων
2596 3330 2740 3452 οὐχ.
2759 3329 3009 3423 ἅρπαγ-

377 3432 518 3524 μὸν
559 3430 863 3524 ἡγήσατο
909 3436 1079 3506 εἶναι
1123 3440 1232 3505 ἴσα
1275 3443 1482 3527 θεῷι,
1545 3443 1656 3505 καὶ
1699 3431 1910 3507 πάλιν
1979 3463 2091 3517 »ος
2135 3439 2319 3505 ἐστιν
2361 3434 2567 3504 εἰκών
2611 3439 2740 3504 τοῦ
2782 3440 3007 3504 θεοῦι.

276 3546 344 3602 30
378 3562 512 3604 ουκ
574 3532 713 3621 ἄρα
759 3532 842 3605 τὸ
889 3534 1167 3624 λογικὸν
1226 3536 1398 3607 εἶναι
1459 3532 1584 3606 τὸν
1649 3534 1821 3607 θεὸν
1884 3540 2101 3655 τοῦτο
2157 3526 2243 3623 ἦν
2310 3530 2426 3603 »τὸ
2488 3531 2859 3622 μυστήριον
2921 3533 3003 3605 τὸ
3039 3551 3108 3605 95

380 3628 990 3723 ἀποκεκρυμμένον
1031 3639 1143 3706 61*
1189 3630 1324 3705 ἀπὸ
1369 3641 1520 3704 τῶν
1564 3632 1844 3705 αἰώνων
1894 3642 2007 3704 καὶ
2060 3630 2196 3705 ἀπὸ
2258 3640 2405 3703 τῶν
2464 3640 2787 3719 γενεῶνι,
2852 3630 3005 3705 οὐδὲ

381 3738 597 3803 τοῦτο
680 3740 840 3804 »νῦν
912 3732 1360 3822 ἐφανερώθη(
1439 3731 1522 3804 τὸ
1595 3751 1907 3819 φυσικαῖς
1977 3736 2269 3815 ἐννοίαις
2338 3738 2544 3803 πᾶσιν
2606 3726 3006 3822 ἀνθρώποις

380 3834 840 3921 ἐγνωσμένον·
883 3828 1058 3904 ἀλλὰ
1103 3830 1229 3922 γὰρ
1271 3852 1479 3904 ποῖον
1509 3837 1566 3902 εἰ
1610 3828 1836 3920 ἔροιτό
1868 3860 1991 3916 τις,
2038 3828 2481 3922 ἀποκρίνεται
2527 3826 2565 3901 0‘
2598 3828 3003 3915 ἀπόστολος,

385 3937 576 4001 »νυνὶ
625 3935 696 4002 δὲ
740 3932 1188 4020 ἐφανερωθηι
1241 3939 1493 4051 λέγων-
1512 3950 1692 4012 »τοῖς
1737 3926 1952 4020 ἁγίοις
1996 3927 2225 4015 αυτοῦ,
2274 3931 2375 4013 οἷς
2406 3926 2808 4021 ἠθέλησεν(
2770 3962 2807 4001 ο
2840 3930 3004 4014 θεὸς

274 4041 342 4097 35
378 4037 709 4119 γνωρίσαι
772 4040 839 4103 τί
900 4029 982 4102 τὸ
1046 4037 1348 4115 πλοῦτος
1411 4038 1532 4121 τῆς
1593 4029 1794 4120 δόξης
1847 4036 1975 4101 τοῦ
2027 4036 2393 4121 μυστηρίου
2438 4028 2694 4103 τούτου
2736 4032 2809 4103 ἐν
2855 4049 3001 4113 τοῖς

380 4133 690 4215 ἔθνεσιν,
737 4160 812 4214 ος
856 4134 1040 4202 ἐστιν
1087 4130 1381 4221 Χριστὸς
1424 4134 1502 4201 ἐν
1542 4128 1756 4221 υμῑνι.
1845 4128 2141 4216 Χριστὸς
2186 4124 2309 4203 οὖν
2354 4132 2437 4220 ἦν
2484 4129 2565 4201 τὸ
2609 4128 2997 4220 μυστήριον,
3026 4146 3096 4201 96

556 4298 634 4355 28
671 4299 814 4357 Phil.
850 4302 898 4369 2,
935 4300 968 4355 6
1003 4330 1068 4341 -
1107 4301 1186 4356 29
1223 4300 1348 4357 Κοι.
1385 4303 1432 4369 1,
1471 4303 1535 4356 15
1570 4330 1637 4341 -
1674 4302 1816 4358 3οπ
1845 4302 1969 4357 Κοι.
2008 4307 2054 4366 1,
2091 4304 2159 4358 26
2193 4332 2260 4343 -
2298 4302 2375 4356 24
2412 4300 2537 4355 Kol.
2576 4305 2621 4363 1,
2658 4300 2741 4355 26.
2777 4269 2841 4354 ’27

552 4451 588 4505 2
624 4449 865 4521 λέγοντα
901 4460 968 4511 <
1002 4471 1058 4505 m
1124 4453 1133 4520 Ι
1197 4452 1234 4507 6
1270 4449 1338 4506 τὸ
1374 4464 1458 4505 mr
1501 4451 1603 4507 τὸν
1639 4452 1690 4507 V
1755 4454 1763 4519 Ι
1827 4454 1927 4508 καὶ
1958 4456 2208 4525 χρῆσθαι
2243 4454 2317 4507 ΚῙ
2354 4455 2669 4521 κεχρῆσθαι
2706 4450 2753 4503 V
2815 4450 2826 4518 Ι
2890 4449 2929 4505 9
2967 4448 2998 4517 ἦ

375 4549 447 4607 τὸ
485 4552 613 4607 and.
649 4552 725 4607 St„
774 4558 783 4621 Ι
835 4554 910 4609 16
945 4548 1382 4622 ἀναμφιλέκτως
1417 4566 1500 4607 mr
1544 4550 1606 4609 ἐν
1642 4550 2003 4623 ἀμφιλέκτως
2038 4556 2087 4609 V
2121 4555 2159 4608 l.
2200 4550 2261 4611 ἐν
2298 4552 2839 4625 -ξάν>αμφιλέκτοις’.>
2868 4553 2877 4619 1
2919 4552 2992 4607 17

375 4653 522 4709 θεὸν
559 4666 642 4707 mr
683 4656 807 4727 θεῷ
843 4654 892 4709 V
956 4655 965 4722 Ι
1029 4653 1111 4710 20
1149 4649 1300 4710 εἴποι
1333 4652 1396 4711 ἐν
1432 4673 1488 4709 m
1524 4650 1740 4711 εἴποιεν
1779 4656 1828 4710 V

489 4738 732 4783 Eusebius
757 4738 838 4784 IV.
2540 4740 2570 4796 7
