3694 5582
609 501 726 563 166
1784 487 2052 544 Eusebius

771 661 854 728 10
877 648 1058 777 c6069
1101 648 1343 736 ὁποίας
1385 659 1722 741 προέσθαι
1766 651 2002 740 φωνὰς
2042 655 2155 724 86““
2192 647 2387 774 εκατὰ
2446 656 2571 740 τῆς
2623 649 2873 739 σαρκὸς
2925 653 3051 720 τοῦ
3095 671 3227 719 σω·
3293 664 3473 722 ὁποῖα
3512 667 3573 720 αὶ

605 761 814 844 τῆρος
856 751 1056 844 ἡμῶν
1096 748 1534 842 τετόλμηκεν,
1578 748 1704 824 ούκ
1746 747 2112 840 ἐπιστήσας
2156 747 2252 832 ῶς
2296 755 2403 820 καὶ
2434 748 2569 839 πρὸ
2603 755 2726 838 τῆς
2756 753 2850 832 εἰς
2894 745 3226 838 ούρανούς
3260 739 3417 792 θεῖαι
3470 755 3608 820 795⁷

605 849 1010 943 ἀναλήψεως
1055 857 1157 924 ἔτι
1199 855 1410 924 οὖσαν
1453 848 1669 941 αὐτὴν
1710 855 1820 921 ἐπὶ
1864 856 1984 941 γῆς
2026 849 2162 939 πρὸ
2206 855 2333 921 τοῦ
2360 846 2630 931 πάθους
2659 843 2884 932 οὕτως
2912 844 3226 934 ἐδόξασεν
3260 804 3611 956 τζξὶσέἒῖἑς

604 958 680 1026 ἐν
723 960 826 1044 τῶ
873 945 1030 1040 ὄρει,
1077 959 1297 1040 τρισὶν
1341 970 1488 1032 τοῖς
1532 955 1868 1038 ἐκκρίτοις
1914 947 2126 1020 αὐτοῦ
2174 959 2516 1038 μαθηταῖς
2556 945 2795 1036 μόνοις
2836 943 3071 1018 εἰκόνα
3101 955 3226 1019 δει-
3260 957 3363 993 ‘⁰²³
3423 945 3607 1004 σωῖῆ·

536 1069 570 1121 5
605 1052 766 1136 κνύς
811 1058 934 1140 τῆς
975 1057 1310 1136 βασιλείας
1353 1047 1598 1134 αὐτοῦ,
1663 1079 1760 1133 ως
1803 1046 2220 1137 ἐξαστράψαι
2264 1047 2345 1118 τὸ
2389 1044 2766 1136 πρόσωπον
2818 1043 3062 1132 αὐτοῦ,
3114 1054 3227 1119 καὶ
3282 1004 3569 1136 τέξουδὲῗῗ

605 1150 840 1240 φωτὸς
882 1150 1314 1242 μαρμαρυγὰς
1357 1145 1695 1239 ἐκλάμψαι
1740 1152 2113 1236 (ιέγένετοι
2163 1145 2289 1237 γάρ
2322 1170 2529 1235 φησιν
2572 1143 2614 1236 ἦ
2644 1153 2801 1217 θεία
2829 1145 3057 1237 γραφὴ
3108 1145 3225 1218 »τὸ
3263 1159 3297 1212 2
3374 1160 3478 1213 καὶ
3524 1155 3612 1223 ὼς

603 1247 982 1339 πρόσωπον
1013 1247 1226 1323 αὐτοῦ
1255 1247 1352 1334 ῶς
1382 1245 1421 1321 6
1467 1246 1676 1340 ἥλιος,
1721 1257 1832 1320 καὶ
1865 1247 1952 1320 τὰ
1982 1244 2211 1337 ἱμάτια
2254 1244 2468 1318 adro&
2509 1245 2716 1320 λευκὰ
2748 1242 2845 1328 ῶς
2877 1244 2958 1317 τὸ
2990 1253 3227 1335 φῶςι),
3262 1241 3335 1298 τὰ
3368 1238 3612 1298 ἐναντία

605 1347 749 1424 ἄλλ’
812 1346 966 1423 ούδὲ
1029 1357 1246 1434 συνεὶς
1307 1345 1556 1420 ὁποῖον
1617 1355 1808 1434 σῶμα
1890 1345 2088 1436 δόξης
2133 1354 2433 1436 Χριστοῦ
2492 1343 2531 1419 6
2590 1359 2781 1428 θεῖος
2841 1342 3229 1428 ἀπόστολος
3263 1308 3619 1449 λέᾏέἶλέιοε

605 1454 830 1539 ἔλεγεν
871 1459 982 1522 καὶ
1031 1481 1126 1533 ως
1169 1459 1280 1522 καὶ
1324 1448 1412 1520 τὰ
1457 1445 1743 1538 ἡμέτερα
1788 1446 2073 1537 σώματα
2115 1446 2476 1536 σύμμορφα
2526 1451 2797 1519 ἔσεσθαι
2840 1450 3079 1535 ἐκείνῳ
3124 1452 3226 1536 τῷ

508 1568 572 1621 10
606 1550 869 1640 σώματι
919 1554 1264 1621 ἐδίδασκεν
1319 1555 1542 1637 λέγων
1606 1541 1718 1630 »ὃς
1761 1555 2319 1637 μετασχηματίσει
2362 1546 2447 1619 τὸ
2490 1553 2685 1636 σῶμα
2727 1551 2852 1634 τῆς
2891 1546 3229 1617 ταπεινῶ-

605 1673 777 1732 σεως
837 1646 1031 1739 ἡμῶν
1091 1647 1490 1738 σύμμορφον
1551 1654 1654 1736 τῶ
1717 1648 1983 1733 σώματι
2044 1652 2169 1736 τῆς
2228 1645 2431 1738 δόξης
2500 1643 2779 1730 αύτοῦι,
2860 1641 3009 1718 ἄλλ’
3074 1642 3232 1717 οὐδὲ

609 1746 858 1838 νοήσας
910 1756 1047 1820 τίνι
1091 1745 1332 1838 τρόπῳ
1377 1743 1989 1836 καταποθήσεσθαι
2031 1744 2113 1818 τὸ
2159 1747 2429 1836 θνητὸν
2470 1744 2607 1817 ὑπὸ
2650 1752 2773 1835 τῆς
2820 1751 2999 1834 ζωῆς
3042 1748 3233 1834 ἔγρα-

607 1876 736 1934 φεν
797 1846 1086 1936 φάσκων
1154 1843 1294 1935 »ἐφ’
1359 1839 1416 1937 ᾧ
1471 1844 1555 1919 ού
1613 1852 1911 1935 θέλομεν
1970 1845 2376 1918 ἐκδύσασθαι
2437 1841 2616 1935 (ἀλλ’
2681 1844 3227 1934 ἐπενδύσασθαι),

605 1950 715 2018 ἵνα
752 1955 1122 2036 καταποθῇ
1169 1945 1252 2018 τὸ
1299 1944 1570 2036 θνητὸν
1615 1941 1751 2017 ὕπὸ
1791 1951 1915 2034 τῆς
1944 1953 2189 2036 ζωῆς-ι·
2246 1943 2521 2018 τούτων
2553 1941 2840 2034 ἀμαθῶς
2882 1947 3063 2032 ἔχων
3105 1947 3233 2016 τὸν

505 2066 570 2120 15
602 2053 726 2136 μὲν
771 2045 981 2136 λόγον
1024 2053 1520 2136 διαβεβαιοῦται
1573 2047 1650 2116 ἓν
1689 2052 1802 2116 καὶ
1856 2042 2117 2117 ταύτὸν
2174 2053 2447 2133 μέλλειν
2504 2051 2857 2134 γίγνεσθαι
2916 2051 3019 2134 τῷ
3082 2051 3229 2133 θεῷ

605 2142 836 2236 ῶσπερ
879 2153 990 2218 καὶ
1033 2145 1381 2236 πρότερον
1417 2139 1521 2236 ἦν,
1566 2145 1698 2236 τὴν
1727 2151 1798 2216 δὲ
1828 2142 2044 2235 σάρκα
2088 2153 2661 2232 καταλειφθεῖσαν
2697 2140 2833 2215 ὑπὸ
2865 2150 2995 2216 τοῦ
3021 2139 3233 2232 λόγου

605 2241 730 2317 ούκ
776 2243 908 2317 οἶδ’
955 2240 993 2318 ὅ
1039 2276 1107 2317 τι
1147 2254 1320 2320 ποτὲ
1363 2242 1780 2336 γενήσεσθαι.
1852 2242 2235 2316 ἐπάκουσον
2266 2241 2330 2316 δ’
2377 2237 2503 2316 οὖν
2548 2237 2741 2326 ὅπως
2772 2240 2989 2314 ταῦτά
3018 2267 3227 2334 φησιν
3262 2267 3296 2320 3

729 2350 866 2432 <Nn
926 2353 1068 2430 108)
1130 2352 1192 2428 εἰ,
1248 2350 1322 2416 δέ
1380 2376 1486 2429 τις
1543 2351 1694 2435 περὶ
1757 2351 1883 2435 τῆς
1940 2341 2186 2434 σαρκὸς
2247 2342 2498 2433 ταύτης
2558 2348 2681 2432 τῆς
2740 2347 2814 2414 ἐν
2876 2349 2976 2432 τῷ
3042 2339 3225 2432 λόγῳ

729 2441 1088 2517 ἀθανάτου
1131 2453 1479 2534 γεγονυίας
1521 2441 1990 2526 πυνθάνοιτο,
2045 2452 2113 2515 τί
2156 2471 2379 2532 φαμεν
2421 2440 2593 2531 πρὸς
2636 2437 2879 2527 αύτόν;
2923 2437 3035 2514 ὅτι
3079 2449 3227 2530 δογ-

505 2567 574 2621 20
731 2553 1036 2632 ματίςειν
1073 2551 1196 2634 μὲν
1241 2542 1424 2635 ἡμεῖς
1468 2550 1620 2633 περὶ
1667 2536 1768 2614 ῶν
1811 2543 1903 2634 μὴ
1964 2541 2255 2632 ἀκριβῶς
2323 2541 2503 2630 παρὰ
2564 2550 2714 2614 τῶν
2765 2549 2987 2612 θείων
3029 2570 3227 2632 μεμα-

733 2640 1042 2732 θήκαμεν
1091 2651 1380 2733 γραφῶν
1437 2641 1561 2716 οὐκ
1615 2640 1914 2731 ἀσφαλὲς
1968 2645 2139 2714 εἶναι
2190 2650 2566 2732 νομίζομεν.
2650 2649 2805 2724 πῶς
2846 2641 2973 2730 γὰρ
3016 2648 3227 2714 τοῦτο

732 2739 1065 2831 πράττειν
1109 2742 1406 2817 δυνατὸν
1451 2764 1598 2829 τοῖς
1625 2751 1739 2815 καὶ
1768 2742 1856 2816 τὰ
1888 2745 2145 2831 ἑτέρων
2175 2738 2673 2831 ἀνατρέπουσιν
2702 2737 3037 2831 δόγματα,
3078 2736 3226 2813 ἀλλ’
3264 2763 3300 2813 4

732 2846 1014 2931 ἐροῦμεν
1073 2843 1246 2931 πρὸς
1306 2847 1470 2927 τούς
1532 2844 1658 2916 τὸν
1719 2842 1960 2933 ἀκριβῆ
2018 2850 2201 2963 περὶ,
2227 2839 2482 2913 τούτου
2531 2851 2779 2927 μαθεῖν
2829 2836 2987 2929 παρ’
3032 2837 3229 2930 ἡμῶν

731 2947 1186 3032 βουλομένους
1229 2939 1456 3031 λόγον,
1505 2939 1616 3015 ὅτι
1657 2940 2057 3031 πειθόμενοι
2101 2948 2203 3032 τῷ
2256 2943 2417 3029 ἱερῷ
2463 2937 2833 3030 ἆποστόλῳ
2888 2944 3078 3031 ἰ’σμεν
3121 2933 3233 3011 ὅτι

505 3065 573 3120 25
731 3068 957 3124 ουτως
1001 3038 1171 3131 ἡμᾶς
1214 3038 1382 3129 ὁρᾶν
1413 3041 1500 3114 τὰ
1538 3038 2093 3133 ἀποκεκρυμμένα
2136 3038 2469 3130 μυστήρια
2508 3037 2855 3129 προσήκει,
2898 3070 2995 3122 ως
3024 3037 3230 3123 αὐτὸς

732 3144 886 3230 ἔφη·
939 3148 1306 3231 »βλέπομεν
1337 3141 1460 3232 γὰρ
1491 3171 1681 3231 αρτι«
1719 3150 1927 3230 φησὶν
1962 3138 2080 3213 »δι’
2123 3137 2464 3228 ἐσόπτρου
2492 3143 2633 3229 <ἐν>
2664 3142 3020 3229 αἰνίγματι,
3067 3137 3229 3212 τότε

732 3247 802 3311 δὲ
845 3237 1250 3367 πρόσωπονἶ
1267 3240 1442 3330 πρὸς
1485 3240 1931 3363 nobooescom-
1950 3248 2061 3311 καὶ
2125 3250 2135 3325 Ι
2201 3240 2289 3311 τὰ
2334 3241 2497 3329 ἑξῆς.
2571 3236 2750 3311 ὥστε
2780 3236 2870 3328 μή
2902 3268 3031 3329 μου
3058 3262 3389 3319 xvv-128

731 3338 956 3411 θάνου
997 3346 1147 3429 περὶ
1194 3370 1296 3411 ων
1339 3348 1577 3427 σαφῶς
1617 3340 1800 3429 παρὰ
1847 3347 1970 3430 τῆς
2011 3346 2202 3422 θείας
2247 3344 2508 3428 γραφῆς
2548 3338 2637 3428 μὴ
2682 3335 3063 3428 μεμάθηκα·
3118 3336 3227 3407 διὰ

733 3445 944 3511 τοῦτο
989 3448 1226 3509 τοίνυν
1269 3436 1424 3510 οὐδὲ
1468 3447 1622 3527 περὶ
1666 3446 1789 3529 τῆς
1833 3447 2027 3522 θείας
2072 3444 2377 3530 [γραφῆς]
2423 3443 2681 3527 ἐκείνης
2725 3444 2851 3526 τῆς
2894 3446 2997 3527 τῷ
3042 3434 3226 3526 λόγῳ

505 3562 574 3616 30
731 3536 1241 3628 κοινωνησάσης
1277 3537 1525 3627 σαρκὸς
1567 3546 1831 3660 σαφῶς
1849 3542 2065 3610 εἰπεῖν
2110 3536 2494 3627 δυνήσομαι.

609 3634 738 3709 εἶθ>
800 3634 838 3709 6
880 3643 1090 3728 μηδὲν
1134 3644 1350 3726 λέγειν
1396 3636 1730 3710 δύνασθαι
1770 3633 2156 3758 ,ὁμολογῶν
2216 3643 2379 3726 μηδὲ
2440 3640 2899 3726 μεμαθηκέναι
2959 3665 3029 3707 τι
3090 3630 3225 3705 άπὸ

607 3744 730 3827 τῆς
790 3743 1078 3827 γραφῆς,
1153 3744 1441 3809 τοιαῦτα
1500 3747 1657 3828 περὶ
1717 3744 1840 3827 τῆς
1904 3736 2150 3827 σαρκὸς
2210 3733 2643 3825 ἀπεφήνατο,
2704 3728 2848 3807 οὔτ’
2912 3730 3049 3805 άπὸ
3106 3739 3226 3824 τῆς
3264 3754 3296 3805 5

608 3844 873 3927 γραφῆς
915 3836 1150 3921 λαβὼν
1194 3866 1350 3908 ουτε
1397 3833 1516 3925 ἀφ’
1561 3840 1815 3926 ἑτέρων
1858 3837 2278 3926 παραλαβών
2321 3864 2481 3907 ουτε
2524 3834 2662 3908 άπὸ
2708 3841 2831 3925 τῆς
2874 3838 3227 3923 ἐκκλησίας

606 3937 885 4025 μαθών,
949 3938 1172 4025 ἑαυτῷ
1221 3943 1292 4007 δὲ
1339 3934 1733 4018 ἀναπλάσας
1776 3945 1889 4008 καὶ
1931 3942 2054 4025 τῆς
2101 3942 2347 4017 οἰκείας
2390 3932 2823 4025 ἐνθυμήσεως
2867 3931 3231 4023 ἐπινοήσας

505 4056 572 4111 35
609 4042 809 4121 ξένον
849 4042 961 4105 καὶ
1007 4040 1128 4124 τῆς
1170 4032 1496 4124 ἀληθείας
1540 4033 1909 4124 ἀλλότριον
1953 4042 2276 4124 γέννημα,
2330 4040 2495 4124 μηδὲ
2548 4039 2625 4106 ἐν
2678 4041 2779 4125 νῷ
2826 4035 3060 4119 λαβῶν
3102 4033 3231 4123 τὴν

780 4207 817 4261 6
852 4205 1050 4259 Matth.
1090 4207 1169 4271 17,
1206 4207 1240 4260 2
1273 4235 1340 4244 -
1377 4205 1456 4260 10
1491 4206 1634 4259 Phil.
1671 4208 1719 4275 3,
1755 4208 1819 4260 21
1858 4236 1926 4245 -
1963 4207 2040 4262 18
2074 4207 2128 4261 H
2162 4206 2293 4261 Kor.
2329 4208 2377 4273 5,
2412 4209 2449 4259 4
2484 4234 2549 4244 --
2586 4207 2664 4261 26
2699 4205 2724 4257 Ι
2762 4204 2889 4259 Kor.
2930 4206 3009 4272 13,
3048 4205 3112 4259 12

785 4356 817 4411 1
873 4353 993 4409 hier
1029 4372 1077 4408 a.
1115 4356 1177 4409 R.
1229 4350 1286 4409 θ’
1325 4356 1374 4409 V
1439 4356 1448 4423 Ι
1513 4355 1552 4413 8
1604 4358 1788 4422 συνεὶς
1837 4375 1895 4409 m
1949 4358 2155 4421 συνιεὶς
2190 4357 2239 4409 V
2304 4357 2312 4423 1
2382 4357 2457 4413 18
2510 4346 2635 4413 ἀλλ’
2686 4352 3103 4411 ἐπενδύσασθαι
3146 4366 3230 4407 mr

609 4457 722 4527 vgl.
759 4456 853 4510 NT
888 4475 943 4512 u.
979 4456 1030 4511 S.
1070 4458 1184 4525 173,
1221 4458 1288 4510 24
1351 4458 1360 4525 Ι
1431 4456 1511 4511 20
1564 4455 1720 4528 παρὰ
1776 4458 1853 4512 V²
1902 4476 1955 4512 u.
2008 4457 2134 4511 and..
2170 4458 2248 4511 st.
2300 4458 2437 4529 περὶ
2490 4458 2569 4512 V·
2630 4459 2643 4526 Ι
2707 4457 2785 4512 26
2836 4453 3143 4527 εἶσόπτρου
3179 4455 3229 4509 V

611 4556 618 4623 Ι
680 4556 742 4613 ἕν
775 4577 832 4613 m
895 4560 904 4625 Ι
971 4558 1049 4614 29
1087 4563 1312 4629 γραφῆς
1348 4560 1442 4611 atr.
1481 4558 1558 4610 V²
1591 4575 1643 4612 u.
1681 4556 1804 4612 and.
1845 4560 1921 4613 St.
1986 4559 1997 4626 Ι
2061 4557 2141 4614 88
2188 4554 2286 4628 ἀφ’
2322 4576 2379 4611 m
2414 4556 2530 4614 ἀπὸ
2569 4559 2619 4612 V
2682 4559 2691 4627 Ι
2758 4557 2835 4614 85
2870 4556 3045 4627 μηδὲν
3079 4552 3141 4613 ἐν
3162 4557 3227 4621 V,

615 4676 750 4715 corr.
790 4658 864 4713 Kl
