3694 5582
1279 497 1474 551 eontra
1506 494 1828 550 Marcellum
1863 497 1917 549 11
1950 497 1999 550 3.
2885 501 2964 562 47

367 663 468 728 καὶ
505 654 714 729 πάλιν
757 657 887 748 τὴν
929 655 1145 749 αὐτὴν
1188 667 1446 744 βεβαιοῖ
1483 665 1665 746 λέξιν
1710 655 1999 745 φάσκων
3000 669 3067 724 15

480 760 614 842 (Nr.
657 765 756 845 17)
820 755 1105 842 εἰκότως
1156 755 1195 831 5
1247 757 1610 849 προφήτης
1665 761 1792 847 ἔφη
1844 757 2018 847 »πρὸ
2060 764 2187 829 τοῦ
2229 764 2479 839 αἰῶνος
2522 761 2967 846 ἐθεμελίωσέν

479 883 626 944 μει,
689 855 1013 947 δηλονότι
1056 857 1140 929 τὸ
1183 857 1360 929 κατὰ
1404 856 1646 946 σάρκα,
1709 857 1817 929 διὰ
1878 857 2009 948 τὴν
2072 856 2247 947 πρὸς
2308 855 2433 928 τὸν
2486 852 2767 947 άληθῶς
2816 853 2967 927 υἱὸν

479 951 692 1027 αὐτοῦ
733 955 860 1029 τὸν
903 953 1115 1045 λόγον
1157 967 1547 1031 κοινωνίαν.

305 1071 336 1124 5
363 1061 464 1126 καὶ
505 1059 795 1145 ἐπιλέγει
838 1056 990 1147 ἑξῆς

480 1159 618 1242 (Nr.
653 1162 754 1242 18)
810 1157 954 1228 εἶτα
1014 1159 1124 1226 »ἐν
1167 1150 1475 1246 άρχῇιφ
1424 1165 1632 1246 φησὶν
1682 1155 1852 1244 »πρὸ
1900 1163 2025 1230 τοῦ
2068 1157 2201 1246 τὴν
2241 1162 2370 1246 γῆν
2412 1161 2752 1246 ποιῆσαιι.
2838 1162 2969 1246 γῆν

476 1261 684 1325 ποίαν
727 1253 988 1346 ταύτην
1029 1251 1138 1344 (ἢ)
1185 1253 1510 1344 δηλονότι
1553 1256 1683 1346 τὴν
1734 1253 2067 1346 ἡμετέραν
2122 1253 2359 1344 σάρκα,
2424 1255 2553 1346 τὴν
2609 1255 2787 1345 μετὰ
2840 1255 2969 1344 τὴν

476 1353 836 1445 παρακοὴν
877 1362 1006 1446 γῆν
1050 1347 1251 1438 αὖθις
1291 1363 1690 1446 7ενομένην;
1739 1362 1893 1446 »γῆε
1931 1355 2057 1446 γὰρ
2104 1356 2230 1426 »el«
2282 1363 2491 1446 φησὶν
2540 1363 2684 1427 »καὶ
2722 1361 2814 1440 εἰς
2842 1361 2970 1444 γῆν

478 1450 872 1544 άπελεύσῃι.
957 1459 1085 1527 ἔδει
1138 1454 1266 1546 γὰρ
1320 1454 1579 1545 ταύτην
1631 1452 1873 1538 ἰάσεως
1918 1473 2171 1545 τυχεῖν,
2226 1454 2379 1528 τινὰ
2424 1453 2689 1544 τρόπον
2730 1483 2971 1526 κοινω-

273 1566 332 1619 10
407 1619 410 1624 ,
475 1551 846 1644 νή<σα>σαν
887 1563 989 1646 τῷ
1035 1551 1204 1645 άγίῳ
1249 1551 1456 1644 λόγῳ.

359 1659 481 1725 θ’έα
525 1660 600 1726 δὲ
642 1662 793 1736 πῶς
835 1660 914 1726 ἐν
956 1653 1236 1738 τούτοις
1267 1650 1304 1726 5
1337 1653 1736 1743 Μάρκελλος
1781 1656 2002 1744 ἑαυτῷ
2047 1662 2457 1740 περιπίπτει.
2544 1652 2761 1744 φήσας
2804 1661 2971 1744 γοῦν
3007 1668 3073 1722 16

360 1757 429 1824 ἐν
471 1755 684 1844 ἑτέρῳ
731 1761 1168 1843 [περιπίπτει]
1219 1753 1384 1845 (τὴν
1413 1753 1658 1843 σάρκα>
1703 1756 1873 1824 εἶναι
1909 1753 2039 1843 τὴν
2075 1750 2321 1843 »ἀρχὴν
2364 1749 2585 1826 ὁδῶν(
2636 1759 2761 1828 τοῦ
2803 1761 2973 1824 θεοῦ

357 1863 747 1926 κτισθεῖσαν
797 1861 908 1925 καὶ
959 1852 1173 1928 πάλιν
1225 1861 1615 1944 »θεμέλιονε
1666 1852 1798 1944 τὴν
1841 1849 2055 1942 αὐτὴν
2097 1853 2270 1925 εἶναι
2314 1854 2552 1939 εἰπών,
2615 1851 2846 1942 ἐπάγει
2889 1852 2971 1924 τὸ

363 1950 526 2042 »πρὸ
567 1960 696 2025 τοῦ
725 1953 858 2043 τὴν
886 1959 1015 2044 γῆν
1043 1963 1380 2047 ποιῆσαιι.
1453 1952 1581 2027 εἶθ’
1621 1951 1961 2045 ἓρμηνεύει
2010 1953 2140 2043 τὴν
2176 1960 2307 2044 γῆν
2344 1949 2553 2026 πάλιν
2591 1952 2723 2043 τὴν
2761 1950 2974 2040 σάρκα

267 2063 325 2116 15
358 2049 554 2139 εἶναι,
615 2049 733 2142 οὖχ
779 2047 966 2142 ὁρῶν
1009 2052 1107 2138 οὖς
1152 2052 1468 2144 ούδεμίαν
1510 2057 1642 2143 ἔχει
1684 2049 2108 2126 ἀκολουθίαν
2154 2059 2165 2141 Ι
2208 2051 2345 2143 πρὸ
2389 2060 2513 2143 τῆς
2556 2051 2800 2139 σαρκὸς
2844 2051 2972 2140 τὴν
3008 2070 3086 2128 46

360 2148 568 2241 σάρκα
613 2156 923 2224 ἐκτίσθαι
983 2161 1206 2246 λέγειν
1265 2162 1376 2227 καὶ
1437 2154 1608 2245 μετὰ
1668 2153 1799 2244 τὴν
1857 2161 2080 2225 κτίσιν
2132 2159 2255 2243 τῆς
2300 2151 2545 2240 σαρκὸς
2585 2150 2799 2225 πάλιν
2842 2151 2972 2241 τὴν

357 2247 564 2339 σάρκα
610 2245 987 2340 ὀνομάζειν.
1076 2249 1116 2325 5
1159 2259 1232 2326 δὲ
1275 2257 1377 2326 ἔτι
1418 2251 1593 2343 πρὸς
1636 2251 1914 2336 τούτοις
1956 2257 2259 2342 ἐπιφέρει
2302 2255 2451 2343 ἑξῆς
2496 2257 2716 2342 λέγων
3009 2259 3073 2312 17

475 2356 618 2438 (Nr.
652 2360 754 2440 19)
799 2353 946 2422 εἶτα
995 2350 1165 2442 »πρὸ
1210 2361 1336 2426 τοῦ
1378 2351 1502 2436 τὰς
1532 2351 1860 2440 α’βύσσους
1888 2360 2195 2443 ποιῆσαι(
2236 2361 2463 2440 φησίν·
2518 2355 2820 2426 ἐνταῦθα
2850 2351 2973 2434 τὰς

475 2449 806 2536 ἀβύσσους
848 2457 1332 2543 παροιμιωδῶς
1376 2448 1413 2525 5
1457 2451 1820 2544 προφήτης
1863 2451 1989 2535 τὰς
2031 2460 2179 2525 τῶν
2229 2446 2446 2539 άγίων
2486 2455 2761 2537 καρδίας
2804 2449 2975 2520 εἶναι

263 2555 324 2610 20
477 2556 659 2640 λέγει
687 2549 810 2634 τὰς
839 2555 914 2622 ἐν
942 2559 1046 2641 τῷ
1077 2553 1343 2625 ἑαυτῶν
1371 2551 1569 2638 βάθει
1612 2553 1742 2641 τὴν
1785 2559 1913 2624 τοῦ
1954 2551 2337 2641 πνεύματος
2381 2548 2657 2639 ἐχούσας
2688 2547 2971 2639 δωρεάν.

353 2657 463 2719 καὶ
505 2653 585 2721 ἐν
629 2648 906 2734 τούτοις
949 2656 1020 2721 δὲ
1063 2651 1368 2742 πρόσχες,
1416 2645 1608 2734 ὅπως
1638 2657 1730 2733 εἰς
1775 2651 1905 2740 τὴν
1946 2647 2159 2738 σάρκα
2202 2651 2510 2734 ἐκλαβὼν
2554 2655 2861 2738 εἰρῆσθαι
2888 2645 2972 2719 τὸ
3010 2659 3075 2714 18

359 2747 630 2839 »κύριος
691 2753 951 2823 ἔκτισέν
1008 2779 1157 2841 ue«,
1222 2755 1456 2825 ἔπειτα
1515 2749 2145 2841 στενοχωρούμενος
2184 2756 2297 2824 45¹
2340 2747 2476 2822 ὑπὸ
2537 2754 2661 2838 τῆς
2712 2752 2975 2839 γραφῆς

353 2848 681 2940 λεγούσης
729 2849 899 2941 »πρὸ
943 2858 1074 2923 τοῦ
1116 2850 1236 2934 τὰς
1282 2848 1607 2937 ἀβύσσους
1656 2858 2005 2941 ποιῆσαιι,
2068 2849 2190 2933 τὰς
2240 2856 2363 2941 μὲν
2413 2845 2739 2935 α’βύσσους
2780 2848 2974 2939 ἑρμη-

351 2946 528 3019 νεύει
573 2948 701 3032 τὰς
745 2957 892 3023 τῶν
937 2946 1149 3041 αγίων
1190 2957 1465 3041 καρδίας
1511 2958 1734 3040 λέγων
1785 2947 1998 3035 αὐτὰς
2058 2944 2395 3035 εἶναι,ού
2454 2955 2703 3042 συνορᾷ
2748 2956 2819 3021 δὲ
2864 2944 2973 3020 ότι

253 3050 314 3106 25
349 3048 414 3117 αὶ
458 3056 618 3120 τῶν
665 3044 879 3137 άγίων
921 3056 1216 3140 καρδίαι,
1279 3058 1406 3123 τοῦ
1444 3047 1729 3141 Ἀβραὰμ
1791 3048 2047 3140 δηλαδὴ
2108 3054 2218 3121 καὶ
2272 3055 2398 3121 τοῦ
2437 3044 2651 3121 Ἰσαάκ
2694 3056 2805 3120 καὶ
2849 3055 2974 3120 τοῦ

347 3140 588 3233 Ἰακὼβ
629 3155 934 3231 Μωσέως
977 3179 1055 3222 τε
1096 3156 1206 3221 καὶ
1248 3146 1475 3223 (Ηλίου
1515 3158 1626 3223 καὶ
1671 3155 2079 3239 Μελχισεδὲκ
2128 3156 2241 3223 καὶ
2293 3156 2443 3220 τῶν
2495 3156 2763 3220 λοιπῶν
2806 3177 2973 3237 προ-

347 3256 632 3336 φητῶν,
685 3245 821 3339 πρὸ
867 3255 990 3339 τῆς
1034 3248 1281 3336 σαρκὸς
1323 3246 1677 3339 γεγόνασιν
1719 3258 1847 3321 τοῦ
1864 3256 2219 3371 ,σωτῆρος
2303 3255 2455 3331 πῶς
2506 3240 2634 3319 οὖν
2676 3247 2973 3319 δυνατὸν
3010 3260 3075 3313 19

343 3349 455 3418 ἐπὶ
499 3348 642 3439 τὴν
685 3345 898 3438 σάρκα
941 3346 1308 3437 άναφέρειν
1349 3346 1498 3437 <τό>
1551 3346 1720 3438 »πρὸ
1766 3355 1895 3421 τοῦ
1939 3348 2059 3433 τὰς
2103 3344 2430 3432 ἀβύσσους
2470 3354 2820 3437 ποιῆσαι«,·
2862 3352 2974 3417 καὶ

341 3443 501 3533 μεθ’
551 3448 748 3536 ἕτερα
792 3453 864 3521 δὲ
909 3441 1110 3531 αὖθις
1153 3446 1387 3538 ἐπάγει
1432 3454 1652 3538 λέγων

245 3549 310 3603 30
471 3551 622 3634 (Nr.
651 3554 758 3633 20)
802 3555 872 3619 τί
916 3554 1152 3619 τοίνυν
1195 3552 1378 3620 ἐστὶν
1424 3554 1568 3638 (καὶ
1611 3556 1839 3639 τουτὶ)
1885 3546 1968 3619 τὸ
2011 3544 2388 3635 κεφάλαιον
2436 3544 2604 3634 »πρὸ
2641 3552 2769 3617 τοῦ
2808 3573 2973 3634 προ-

472 3658 715 3720 ελθεῑν
757 3646 881 3731 τὰς
923 3647 1142 3737 πηγὰς
1194 3654 1376 3737 (τῶν
1424 3645 1768 3734 affirm«,-
1840 3647 2001 3731 τοὺς
2056 3646 2275 3735 ἱεροὺς
2328 3641 2754 3729 ἀποστόλους
2804 3645 2977 3716 εἶναί

523 3870 564 3924 2
603 3868 764 3923 Prov.
800 3870 851 3935 8,
887 3868 955 3923 23
1004 3898 1072 3907 —
1125 3868 1164 3925 6
1199 3868 1360 3924 Prov.
1395 3871 1444 3937 8,
1480 3871 1548 3926 23
1601 3901 1664 3909 -
1721 3871 1756 3926 8
1795 3869 1929 3924 Gen.
1965 3868 2015 3935 3,
2054 3868 2119 3922 19
2170 3896 2238 3908 -
2294 3866 2365 3921 12
2402 3866 2563 3922 Prov.
2596 3866 2647 3933 8,
2681 3866 2749 3921 22
2782 3894 2849 3905 -
2898 3867 2975 3922 14

341 3968 510 4024 Prov.
549 3969 692 4037 8,ae
720 3998 787 4007 —
826 3968 903 4025 18
937 3966 1098 4025 Prov.
1116 3970 1166 4037 8,
1184 3970 1252 4024 24
1285 4001 1354 4009 —
1392 3972 1470 4027 22
1508 3970 1667 4028 Prov-
1696 3973 1744 4039 8,
1764 3972 1832 4026 22
1867 4001 1932 4009 —
1971 3969 2050 4025 23
2086 3968 2247 4023 Prov.
2266 3968 2317 4035 8,
2335 3969 2402 4023 24
2425 3996 2492 4005 -
2530 3969 2609 4025 28
2645 3968 2805 4023 Prov.
2840 3968 2978 4035 8‚24

341 4098 408 4108 --
449 4072 538 4127 80
575 4070 737 4126 Prov.
774 4072 824 4139 8,
861 4070 929 4124 24

522 4274 564 4328 8
620 4266 690 4327 τὸ
749 4271 918 4343 κατὰ]
969 4275 1074 4343 τὴν
1127 4274 1253 4329 and.
1305 4274 1384 4329 δὴ.
1438 4277 1448 4343 Ι
1498 4272 1538 4328 4
1591 4272 1692 4330 τὸν
1733 4270 1935 4344 λόγον]
1966 4268 2148 4343 λόγου
2198 4270 2279 4325 Re
2323 4271 2333 4338 Ι
2390 4272 2418 4326 7
2478 4264 2514 4341 ἦ
2566 4269 2691 4325 and.
2746 4272 2821 4325 St„
2874 4272 2884 4339 Ι
2936 4270 2975 4327 9

334 4375 794 4444 κοινωνήσασαν
827 4392 885 4429 m
937 4376 946 4437 Ι
1003 4375 1077 4431 12
1097 4377 1422 4448 περιπίπτει
1441 4376 1492 4430 V
1513 4376 1615 4445 τὴν
1640 4372 1913 4446 σάρκαΚΙ
1964 4376 1975 4441 Ι
2025 4373 2191 4443 θεοῦ]
2212 4373 2413 4445 κυρίου
2438 4390 2495 4426 m
2544 4374 2553 4441 Ι
2612 4371 2685 4429 18
2721 4366 2975 4429 ἐνταῦθά

339 4493 522 4547 φησιν
561 4476 634 4541 V,
685 4495 758 4525 ω
808 4475 936 4530 and.
973 4478 1048 4532 st„
1103 4478 1112 4546 l
1167 4479 1244 4534 26
1295 4478 1425 4546 ἠλία
1479 4478 1530 4532 V
1581 4481 1592 4545 1
1645 4478 1724 4534 28
1777 4472 1901 4545 <τό>
1956 4476 2027 4531 Kl
2082 4468 2178 4543 (τό
2234 4468 2379 4545 »πρὸ
2434 4480 2537 4529 τοῦ
2588 4470 2801 4540 αἰῶνος
2851 4469 2974 4530 ἐθε-

333 4576 642 4647 μελίωσέν
673 4596 764 4647 με,
799 4572 862 4633 ἐν
898 4574 1047 4648 ἀρχῇ
1079 4578 1194 4651 πρὸ
1229 4586 1334 4634 τοῦ
1365 4580 1469 4648 τὴν
1511 4584 1620 4649 γῆν
1651 4576 1891 4647 ’ποιῆσαι
1925 4580 2049 4645 καὶ)
2086 4580 2118 4632 ⁴?
2161 4576 2267 4632 We
2319 4579 2328 4644 Ι
2382 4577 2461 4632 80
2502 4578 2605 4631 καὶ.
2644 4576 2805 4631 τουτὶ
2850 4574 2973 4628 and.

333 4680 416 4736 St.
477 4680 490 4750 Ι
549 4678 760 4735 81-8,
793 4679 878 4747 48,
917 4684 944 4734 1
989 4686 1108 4736 τῶν
1143 4710 1208 4721 -—
1247 4682 1415 4751 φησὶν
1450 4680 1575 4735 and.
1611 4681 1686 4736 St.
