3694 5582
719 498 748 556 1
761 495 836 556 12
1885 484 2155 550 Eusebius

713 649 986 723 ἄτοπον
1029 655 1142 721 ἐπὶ
1183 657 1306 736 μὲν
1361 641 1463 720 ὦν
1515 645 1724 730 αὐτὸς
1783 646 2031 720 ἑαυτὸν
2092 645 2447 740 ὠνόμασεν
2486 649 2579 740 μὴ
2640 655 2857 738 λέγειν
2916 652 2991 722 ἓν
3054 649 3327 723 τούτων

711 751 885 822 εἶναι
935 757 1049 820 καὶ
1103 746 1300 821 οὐδὲν
1361 749 1624 837 ἕτερον,
1687 752 1800 820 ἐπὶ
1862 754 1935 819 δὲ
1996 754 2119 838 τῆς
2179 755 2306 820 τοῦ
2364 745 2842 838 εὐαγγελιστοῦ
2899 758 3054 836 περὶ
3116 748 3327 822 αὐτοῦ

713 855 972 940 φωνῆς,
1017 855 1142 939 τῆς
1185 845 1397 936 λόγον
1442 846 1656 920 αὐτὸν
1684 843 2112 937 ἄνειποῦσης,
2158 853 2705 933 διαβεβαιοῦσθαι
2734 845 2831 932 αἷς
2858 847 3057 922 οὐδὲν
3088 851 3325 940 ἕτερον

711 941 797 1038 ἦν
839 944 883 1038 ἢ
927 945 1147 1038 λόγος.
1233 945 1409 1022 ἀλλὰ
1450 956 1564 1019 καὶ
3358 975 3395 1030 g

642 1073 674 1124 5
833 1051 976 1137 (Nr.
1021 1053 1128 1137 40)
1173 1056 1423 1137 κυρίως
1467 1053 1724 1138 (φησὶν)
1767 1055 1882 1118 καὶ
1926 1042 2209 1135 ἀληθῶς
2251 1043 2579 1136 ὑπάρχων
2624 1046 2874 1136 (λόγος.

711 1152 890 1219 διατί
933 1154 1007 1219 δὲ
1049 1146 1139 1238 μὴ
1183 1156 1435 1236 κυρίως
1476 1156 1588 1220 καὶ
1632 1143 1916 1238 α’ληθῶς
1959 1143 2319 1236 ὖπᾶρχων>
2381 1146 2575 1232 θεός;
2640 1145 2722 1220 οὗ
2782 1147 2906 1236 γὰρ
2960 1146 3041 1237 δὴ
3094 1147 3326 1238 ἕτερος

711 1239 798 1337 ἦν
842 1243 880 1318 ὁ
927 1245 1140 1336 λόγον
1185 1245 1397 1320 αὐτὸν
1441 1244 1775 1333 ἅνειποόν,
1841 1248 2071 1335 ἕτερος
2132 1252 2205 1316 δὲ
2268 1240 2308 1318 δ
2369 1243 2540 1317 θεὸν
2584 1242 3036 1330 ἀποκαλέσας·
3106 1247 3201 1331 εἶς
3252 1256 3326 1320 δὲ

707 1355 822 1418 καὶ
881 1342 922 1418 ὁ
981 1345 1190 1430 αὐτὸς
1243 1344 1716 1438 εῦαγγελιστὴς
1779 1342 1951 1436 ὁμοῦ
2011 1345 2248 1436 (θεὸν)
2308 1354 2421 1417 καὶ
2482 1343 2695 1435 λόγον
2754 1341 2971 1418 αὐτὸν
3028 1351 3327 1436 ἐδίδαξεν

708 1449 925 1518 εἰπών
977 1455 1125 1519 »καὶ
1167 1444 1332 1528 θεὸς
1375 1438 1460 1536 ἦν
1505 1441 1544 1518 ὅ
1589 1443 1853 1536 λόγοςι,
1898 1441 1937 1518 ὅ
1982 1441 2050 1515 δ’
2094 1443 2304 1528 αὐτὸς
2345 1453 2458 1516 καὶ
2503 1452 2655 1532 φῶς
2694 1441 2911 1518 αὐτὸν
2954 1441 3325 1537 ω’νόμασεν.

606 1565 673 1619 10
707 1552 890 1617 διατί
935 1576 1057 1619 ουν
1099 1546 1191 1637 μὴ
1234 1555 1491 1635 κυρίως
1532 1553 1647 1616 καὶ
1692 1541 1973 1635 ἇληθως
2018 1543 2169 1617 υἱὸν
2210 1551 2546 1634 μονογενῆ
2590 1552 2703 1616 καὶ
2748 1569 2871 1617 οσα
2910 1543 3089 1619 ἄλλα
3118 1543 3325 1632 αὐτὸς

707 1640 746 1716 δ
790 1642 1124 1744 δεσπότης
1165 1653 1276 1717 καὶ
1321 1646 1555 1736 σωτὴρ
1615 1644 1791 1736 <διὰ>
1843 1651 1973 1717 τοῦ
2034 1642 2507 1734 εὐαγγελιστοῦ
2564 1653 2719 1732 περὶ
2778 1645 3024 1718 εαυτοῦ
3080 1675 3324 1737 μεμαρ-

706 1742 1023 1834 τύρηκεν,·
1066 1740 1104 1816 ό
1150 1749 1224 1816 δὲ
1267 1742 1496 1818 πάντα
1539 1753 1777 1832 παρεὶς
1819 1743 2038 1835 μόνον
2082 1742 2289 1833 λόγον
2332 1741 2547 1816 αυτὸν
2587 1752 2840 1834 κυρίως
2880 1753 2995 1816 καὶ
3038 1742 3321 1836 ᾇληθως

703 1839 1031 1933 υπᾶρχειν
1075 1853 1312 1934 φησίνὶ
1346 1851 1457 1914 καὶ
1501 1851 1961 1934 προστίθησιν
2006 1873 2103 1926 ως
2148 1841 2278 1932 ἄρα
2320 1840 2537 1932 μόνον
2583 1848 2683 1933 εἴη
2728 1839 2952 1934 λόγος,
2996 1848 3319 1918 ἐντεῦθέν

705 1972 781 2015 τε
825 1950 1244 2016 καταπίπτει
1287 1947 1400 2014 ἐπὶ
1443 1942 1574 2033 τὴν
1617 1949 1745 2016 τοῦ
1789 1939 2229 2032 ἀνθρωπείου
2272 1940 2483 2032 λόγου
2523 1937 2918 2033 ομοιότητα.
2984 1953 2995 2030 1
3358 1966 3477 2022 118

603 2063 668 2116 15
871 2049 950 2116 11
992 2052 1106 2114 καὶ
1150 2073 1302 2130 φως
1352 2050 1475 2132 μὲν
1529 2039 1744 2114 αυτὸν
1795 2038 2073 2114 ἀκούων
2128 2039 2253 2114 οὐκ
2294 2045 2605 2115 ἐκπίπτει
2646 2048 2757 2115 ἐπὶ
2802 2042 2885 2114 τὸ
2930 2043 3321 2134 σωματικὸν
3388 2059 3477 2120 ὅτι
3516 2083 3651 2122 ποτε

705 2171 882 2230 φως,
948 2137 1164 2214 οὐδ’
1136 2141 1376 2232 όμοιον
1429 2139 1642 2214 αὐτὸν
1694 2144 1869 2214 εἶναί
1910 2165 2075 2231 φησι
2136 2147 2237 2231 τῷ
2301 2138 2501 2233 ἡλίου
2564 2150 2819 2234 φέγγει,
2886 2148 2999 2216 ἐπὶ
3058 2150 3133 2216 δὲ
3190 2151 3319 2216 τοῦ
3352 2132 3460 2201 μὲν
3519 2153 3680 2188 ‘'W'‘

703 2238 912 2332 λόγου
975 2241 1388 2332 σημαντικὸν
1449 2239 1661 2315 αὐτὸν
1723 2248 1999 2314 δίδωσιν
2058 2250 2171 2314 καὶ
2226 2270 2468 2332 ομοιον
2531 2249 2631 2332 τῷ
2696 2241 3149 2334 ανθρωπίνῳ·
3220 2275 3317 2327 ως
3386 2219 3661 2324 ἶῖῖφὲἒὲ

700 2347 873 2412 ποτὲ
915 2348 1038 2432 μὲν
1081 2349 1300 2432 λέγειν
1345 2339 1557 2414 αὐτὸν
1601 2337 1953 2431 ἡσυχάζειν
2012 2345 2088 2412 ἐν
2152 2347 2256 2432 τῷ
2307 2349 2455 2432 θεῷ
2503 2349 2677 2414 ποτὲ
2722 2349 2792 2414 δὲ
2836 2350 3147 2432 προϊέναι
3190 2372 3317 2416 του
3384 2339 3539 2392 θεοῦ
3572 2336 3657 2390 λό’

701 2447 888 2525 θεοῦ,
932 2448 1044 2512 καὶ
1088 2441 1286 2525 ἐντὸς
1326 2449 1438 2514 καὶ
1481 2441 1679 2524 ἐκτὸς
1723 2449 2071 2531 γίγνεσθαι
2112 2437 2345 2527 αὐτοῦ,
2388 2439 2548 2513 καθ’
2594 2437 2974 2530 ομοιότητα
3004 2449 3130 2515 τοῦ
3155 2438 3315 2532 παρ’
3351 2422 3461 2527 γέἔ
3472 2401 3685 2527 &3213

598 2535 862 2630 2οημτν
904 2537 1139 2630 λόγου,
1203 2547 1330 2613 τοῦ
1374 2570 1448 2612 τε
1491 2546 1897 2613 ἐνδιαθέτου
1939 2547 2365 2630 καλουμένου
2404 2549 2517 2613 καὶ
2562 2548 2689 2614 τοῦ
2729 2541 2908 2614 κατὰ
2950 2541 3316 2631 προφορὰν
3434 2542 3623 2596 θεῖον

702 2638 810 2710 διὰ
855 2647 1096 2728 φωνῆς
1141 2645 1650 2728 ἐξακουομένου.
1737 2645 1915 2728 λέγει
1956 2635 2025 2709 δ’
2071 2669 2196 2713 ουν
2238 2639 2469 2724 αὐτοῖς
2512 2641 2797 2732 ῥήμασιν
3350 2603 3582 2730 ὀμοὲῒς
3606 2627 3688 2730 ἐξ.

828 2743 963 2826 (Nr.
1009 2747 1113 2827 56)
1158 2736 1388 2831 πάντα
1432 2740 1557 2829 γὰρ
1603 2762 1727 2812 οσα
1771 2736 1923 2830 (Bw)
1970 2733 2009 2811 ὁ
2052 2740 2280 2830 πατὴρ
2326 2746 2503 2832 λέγῃ,
2549 2747 2769 2814 ταῦτα
2810 2748 3164 2831 πανταχοῦ
3208 2739 3315 2814 διὰ
3385 2739 3659 2827 θρώποις

825 2846 954 2911 τοῦ
1004 2836 1214 2929 λόγου
1256 2846 1480 2929 λέγων
1523 2846 1855 2927 φαίνεται.
1942 2846 2153 2912 τοῦτο
2199 2847 2271 2912 δὲ
2316 2840 2527 2931 δῆλόν
2570 2847 2756 2914 ἐστιν
2806 2850 2919 2914 καὶ
2961 2837 3080 2929 ἀφ’
3124 2838 3319 2933 ἡμῶν
3387 2804 3663 2880 ἔφασκεν

827 2968 1091 3025 αυτων,
1159 2932 1283 3011 όσα
1325 2938 1527 3026 μικρὰ
1572 2959 1716 3022 τοῖς
1757 2936 2072 3030 μεγάλοις
2113 2949 2226 3013 καὶ
2269 2950 2485 3025 θείοις
2530 2936 2908 3013 ἀπεικάσαι·
2979 2950 3092 3014 καὶ
3135 2938 3317 3033 ἡμεῖς

597 3058 662 3113 25
827 3036 952 3127 γὰρ
994 3034 1223 3111 πάντα
1271 3064 1395 3111 οσα
1438 3035 1524 3109 ἂν
1564 3044 1881 3129 θέλωμεν
1922 3039 2098 3112 κατὰ
2144 3040 2225 3112 τὸ
2272 3040 2569 3114 δυνατὸν
2598 3048 2819 3131 λέγειν
2847 3071 2921 3112 τε
2950 3050 3064 3113 καὶ
3091 3060 3317 3115 ποιεῖν

824 3146 926 3229 τῷ
974 3135 1274 3228 ἡμετέρῳ
1320 3145 1652 3229 ποιοῦμεν
1695 3137 1900 3229 λόγῳ.

699 3244 810 3309 καὶ
853 3230 1052 3321 αὖθις
1100 3236 1318 3310 ταῦτά
1363 3264 1592 3362 φησιν·

826 3341 964 3423 (Nr.
1009 3346 1114 3425 92)
1157 3338 1294 3429 πρὸ
1338 3339 1464 3427 γὰρ
1507 3344 1631 3428 τῆς
1675 3344 2105 3429 δημιουργίας
2136 3335 2398 3430 ἁπάσης
2428 3336 2661 3429 ἡσυχία
2689 3368 2793 3423 τις
2838 3332 2944 3431 ἦν,
2989 3371 3085 3424 ως
3114 3338 3313 3425 εἰκός,

822 3430 1026 3520 ὄντος
1069 3441 1143 3509 ἐν
1189 3445 1292 3529 τῷ
1342 3444 1483 3526 θεῷ
1531 3442 1722 3527 (τοῦ)
1768 3436 1993 3527 λόγου.

513 3588 522 3595 -
591 3555 660 3609 30
693 3533 813 3607 εἶτ’
859 3542 1161 3625 ἐπιφέρει

821 3640 958 3721 (Nr.
1009 3646 1151 3723 108)
1197 3634 1472 3719 ουδενός
1516 3637 1643 3728 γὰρ
1689 3632 1895 3720 ὄντος
1936 3634 2283 3727 πρότερον
2326 3634 2370 3728 ἢ
2412 3644 2583 3711 θεοῦ
2624 3635 2859 3729 μόνου,
2904 3636 3191 3712 πάντων
3238 3645 3311 3710 δὲ

819 3734 928 3807 διὰ
973 3742 1102 3809 τοῦ
1147 3734 1356 3825 λόγου
1400 3744 1750 3826 γίγνεσθαι
1791 3734 2207 3828 μελλόντων,
2252 3744 2611 3828 προῆλθεν
2654 3733 2692 3810 ό
2736 3736 2940 3827 λόγος
2986 3744 3308 3827 δραστικῇ

817 3839 1130 3928 ἐνεργείᾳ.

696 3941 998 4007 τοσαῦτα
1041 3942 1193 4022 περὶ
1238 3943 1365 4009 τοῦ
1408 3934 1618 4025 λόγου
1661 3938 1896 4023 εἰπών,
1942 3937 2071 4028 τὴν
2124 3934 2558 4028 εὖαγγελικὴν
2620 3936 2862 4027 φωνὴν
2922 3934 3307 4009 ἐπάκουσον
3342 3960 3378 4013 3

589 4049 656 4104 35
695 4028 888 4119 ὅπως
927 4042 1242 4122 πειρᾶται
1289 4034 1742 4126 διερμηνεύειν
1788 4028 1922 4108 ὦδε
1966 4035 2257 4128 γράφων

865 4205 965 4261 1ss
993 4206 1105 4276 vgl.
1143 4205 1235 4259 Nr.
1255 4206 1337 4260 42.
1375 4209 1444 4261 43
1477 4236 1546 4246 —-
1581 4206 1620 4262 9
1655 4206 1778 4261 Joh.
1816 4211 1864 4271 1,
1902 4210 1931 4261 1
1958 4236 2023 4247 -—
2058 4206 2181 4263 Joh.
2220 4211 2267 4273 1,
2302 4208 2336 4263 9
2370 4236 2436 4247 -—
2477 4208 2554 4264 1⁰
2590 4207 2711 4261 Joh.
2750 4211 2796 4271 1,
2836 4208 2903 4263 18
2936 4237 3003 4247 -
3042 4206 3160 4263 121
3188 4207 3304 4276 vgl.

689 4306 784 4361 Nr.
803 4306 872 4361 40
913 4337 972 4345 —
1012 4306 1147 4362 16¹1
1175 4306 1287 4377 vgl.
1324 4308 1416 4362 Nr.
1454 4312 1535 4363 55.
1572 4310 1654 4363 56.
1689 4309 1772 4364 92.
1809 4311 1877 4362 54

865 4458 898 4511 1
939 4452 1034 4513 ἐπὶ
1067 4454 1173 4525 μὲν
1209 4447 1292 4512 ὧν
1327 4459 1408 4512 V*
1453 4458 1532 4527 μὴ
1569 4454 1913 4526 ἐπιμένοντα
1950 4450 2035 4524 οἷς
2071 4460 2148 4513 V²
2182 4476 2231 4514 a..
2267 4458 2330 4513 R.
2380 4461 2389 4527 Ι
2434 4459 2473 4514 5
2510 4455 2723 4533 ὑπῆρχε
2748 4457 2840 4514 Mo
2871 4458 2880 4527 Ι
2918 4458 2997 4513 51
3026 4456 3199 4529 λόγος
3233 4488 3301 4496 -

689 4552 962 4631 ὑπάρχων
1013 4558 1087 4612 Κ1
1151 4561 1160 4627 Ι
1227 4560 1264 4615 8
1315 4556 1459 4615 θεὸν
1513 4560 1586 4614 Κ1
1649 4562 1658 4629 Ι
1728 4562 1801 4615 ll
1851 4560 1941 4617 διὰ
1994 4562 2087 4616 Mo
2152 4563 2161 4627 Ι
2228 4560 2305 4617 22
2355 4555 2481 4629 ιζᾶν)
2538 4602 2551 4645 ·.
2590 4601 2600 4613 .
2654 4558 2789 4631 λέγῃ
2842 4559 2967 4615 and.
3020 4559 3097 4615 St„
3148 4556 3305 4629 λέγει

690 4660 739 4713 V
809 4659 818 4728 Ι
883 4658 962 4714 26
997 4662 1296 4730 ποιοῦμεν]
1337 4668 1401 4725 4—
1437 4664 1536 4717 καὶ
1568 4661 1811 4733 λέγομεν
1847 4662 1940 4717 Mo
2004 4664 2013 4731 Ι
2081 4664 2158 4719 29
2194 4670 2298 4720 τοῦ
2331 4662 2456 4717 and.
2493 4663 2569 4717 St.
