3694 5582
695 521 774 584 34
1874 509 2141 566 Eusebius

693 673 892 748 αὐτοὶ
931 671 1262 758 ’,Ιουδαῑοι
1323 671 1480 761 παρ’
1535 675 1640 757 οἷς
1693 669 1730 746 ὁ
1785 673 2355 796 προσδοκώμενος
2416 677 2617 743 εἰσέτι
2676 678 2803 742 νῦν
2846 666 3168 764 Χριστός,
3232 699 3315 742 ον

691 772 1120 866 Ἠλειμμένον
1169 783 1402 846 καλεῖν
1445 774 1795 857 εἰώθασιν,
1858 766 2108 863 ἇγῆῥῶ
2128 761 2321 861 τῆν’
2343 769 2685 857 βασιλείαν
2732 780 2847 842 καὶ
2888 768 3313 858 <ἆ>θάνατον

696 877 865 961 ἕξειν
937 879 1294 960 ἐλπίςεται.
1395 869 1570 946 ἀλλὰ
1637 881 1750 945 καὶ
1819 872 2099 946 τούτων
2159 877 2391 959 γέγονε
2444 878 2699 959 χείρων
2760 865 2799 942 6
2858 877 2971 940 καὶ
3028 875 3124 953 είς
3184 871 3314 961 τὴν

695 970 905 1064 ἀρχὴν
949 969 1123 1062 ὁμοῦ
1161 979 1273 1044 καὶ
1319 978 1411 1056 εἰς
1455 971 1536 1044 τὸ
1581 979 1780 1054 τέλος
1823 978 1951 1044 τοῦ
1992 975 2143 1044 υἱοῦ
2195 978 2322 1042 τοῦ
2376 976 2545 1042 θεοῦ
2596 967 2909 1058 ἀσεβῆσαι
2952 969 3311 1060 τολμήσας,

623 1087 660 1142 5
693 1103 777 1146 ον
819 1069 968 1145 ουδ’
1015 1069 1222 1155 αὐτὸς
1265 1067 1304 1144 ὁ
1349 1083 1537 1154 θεῖος
1581 1068 1971 1154 ἀπόστολος
1998 1069 2563 1160 κατεδυσώπησεν
2596 1067 2687 1159 μὴ
2718 1076 3007 1142 τοιαῦτα
3035 1064 3309 1155 ἇσεβετν,

693 1173 1014 1262 ἄντικρυς
1072 1178 1294 1261 λέγων
1362 1170 1637 1253 »πιστὸς
1679 1167 1718 1242 ὁ
1780 1167 2009 1259 λόγος·
2070 1175 2127 1241 εί
2170 1169 2297 1259 γὰρ
2340 1166 2923 1260 συναπεθάνομεν,
2966 1177 3080 1240 καὶ
3122 1166 3310 1260 συζή-

691 1295 919 1362 σομεν·
991 1277 1052 1344 εἰ
1106 1268 1563 1361 ὑπομένομεν,
1622 1278 1736 1341 καὶ
1787 1269 2459 1360 συμβασιλεύσομενι,
2518 1276 2631 1342 καὶ
2682 1265 3149 1359 κληρονόμους
3189 1273 3313 1358 μὲν

690 1371 860 1463 ἡμᾶς
917 1373 1190 1443 ἔσεσθαι
1250 1377 1377 1442 τοῦ
1445 1376 1641 1452 θεοῦ,
1707 1365 1790 1440 οῦ
1846 1368 1982 1460 μὴν
2042 1376 2191 1457 δίχα
2235 1375 2564 1459 Χριστοῦ,
2630 1365 3118 1460 »κληρονόμου
3184 1364 3309 1458 γάρ

689 1497 900 1562 φησιν
947 1477 1169 1556 »θεοῦ,
1213 1467 1750 1560 συγκληρονόμοι
1791 1475 1865 1540 δὲ
1907 1475 2037 1541 τοῦ
2078 1474 2402 1559 Χριστοῦ,
2448 1473 2634 1559 εἴπερ
2679 1465 3152 1558 συμπάσχομεν
3196 1473 3308 1539 ἵνα
3346 1499 3417 1553 13

583 1581 656 1636 10
687 1580 801 1642 καὶ
871 1578 1502 1659 συνδοξασθῶμενι.
1601 1575 1714 1640 καὶ
1771 1565 1983 1641 πάλιν
2047 1574 2141 1640 »εί
2202 1575 2274 1639 δὲ
2334 1565 2809 1658 ἀπεθάνομεν(
2877 1577 3085 1657 φησὶν
3151 1567 3308 1639 »σῦν

691 1676 998 1760 Χριστῷ,
1059 1668 1464 1759 πιστεύομεν
1516 1661 1631 1740 ὅτι
1677 1675 1790 1740 καὶ
1833 1665 2203 1757 συζήσομεν
2260 1664 2481 1758 αὐτῷ,
2544 1665 2797 1750 εἰδότες
2858 1661 2969 1741 ὅτι
3016 1666 3355 1759 Χριστὸς’

687 1775 982 1859 ἐγερθεὶς
1035 1772 1110 1840 ἐκ
1161 1776 1426 1859 νεκρῶν
1487 1765 1713 1842 οῦκέτι
1773 1763 2225 1855 ἀποθνῄσκει·
2286 1764 2592 1852 θάνατος
2650 1765 2865 1840 αὐτοῦ
2924 1763 3152 1840 οὐκέτι
3194 1797 3305 1838 κυ-

688 1868 989 1959 ριεύσειι,
1033 1874 1144 1940 καὶ
1191 1861 1388 1950 αὖθις
1437 1866 1554 1938 »τὸ
1601 1873 1670 1938 δὲ
1708 1865 1999 1957 χάρισμα
2042 1873 2169 1938 τοῦ
2210 1873 2381 1939 θεοῦ
2410 1867 2551 1958 ζωὴ
2594 1868 2871 1952 αἰῶνιος
2916 1872 2995 1940 ἐν
3023 1875 3303 1959 Χριστῷ
3344 1890 3413 1943 14

683 1965 896 2059 Ἰησοῦ
939 1975 1042 2058 τῷ
1093 1976 1305 2058 κυρίῳ
1349 1964 1604 2057 ἧμῶνι.
1647 1963 1900 2040 οὗκοῦν
1947 1963 1989 2056 ἧ
2032 1966 2312 2050 αἰώνιος
2356 1965 2496 2053 ζωὴ
2540 1997 2665 2039 ουκ
2708 1967 2939 2050 ἄλλως
2982 1963 3141 2058 ἡμῖν
3180 1997 3303 2040 πο·

583 2079 650 2132 15
683 2065 1080 2158 ρισθήσεται
1121 2064 1165 2157 ἢ
1214 2072 1326 2138 »ἐν
1368 2071 1646 2154 Χριστῷ
1677 2061 1887 2157 Ἰησοῦ
1930 2073 2032 2156 τῷ
2077 2074 2289 2156 κυρίῳ
2336 2063 2595 2157 ἡμῶνε·
2638 2073 2749 2138 καὶ
2794 2063 2837 2156 ἦ
2879 2072 3071 2149 ἐλπὶς
3110 2064 3305 2158 ἡμῶν

683 2164 803 2255 οὐχ
845 2164 1085 2252 απλῶς
1129 2173 1336 2257 ζῆσαι,
1379 2163 1558 2239 α’λλά
1601 2165 1724 2238 σὺν
1767 2162 1959 2255 αὐτῷ
2004 2171 2425 2254 δοξασθῆναι
2483 2175 2597 2238 καὶ
2650 2167 2774 2238 σὺν
2828 2164 3015 2257 αὐτῷ
3059 2177 3303 2289 κληρο-

683 2275 968 2358 νομῆσαι
1027 2275 1140 2340 καὶ
1199 2269 1323 2338 σὺν
1381 2263 1570 2355 αὐτῷ
1631 2270 2038 2351 βασιλεῦσαι·
2108 2262 2339 2338 πάντα
2394 2266 2521 2356 γὰρ
2582 2262 2740 2356 ἡμῖν
2800 2271 2874 2338 ἐκ
2928 2274 3049 2356 τῆς
3092 2263 3304 2338 αὐτοῦ

681 2375 1045 2451 κοινωνίας
1087 2364 1384 2452 ὑπάρξει.
1471 2358 1508 2435 ὃ
1555 2363 1849 2439 διδάσκει
1894 2359 1931 2436 6
1984 2362 2193 2447 αυτὸς
2246 2363 2465 2455 φήσας
2522 2364 2798 2448 »πιστὸς
2858 2397 2897 2438 ο
2958 2365 3151 2452 θεός,
3210 2363 3300 2437 δι’
3338 2387 3410 2440 15

685 2460 766 2540 οὗ
809 2466 1152 2556 ἐκλήθητε
1196 2473 1288 2548 είς
1331 2471 1704 2536 κοινωνίαν
1745 2470 1872 2536 τοῦ
1898 2467 2050 2537 υἱοῦ
2086 2461 2301 2535 αὐτοῦ
2330 2461 2543 2554 Ἰησοῦ
2572 2472 2872 2553 Χριστοῦ
2916 2475 3043 2540 τοῦ
3068 2478 3303 2556 κυρίου

580 2573 648 2628 20
684 2565 936 2656 ἦμῶνι.
1021 2572 1124 2648 τίς
1169 2562 1234 2636 δ’
1281 2560 1324 2655 ἦ
1363 2571 1725 2648 κοινωνία,
1769 2571 2173 2653 παρίστησιν
2222 2571 2370 2636 »καὶ
2413 2562 2835 2655 συνήγειρεν(
2886 2574 3106 2656 λέγων
3156 2577 3297 2640 »καὶ

681 2663 1120 2737 συνεκάθισεν
1159 2671 1273 2737 41¹
1313 2668 1390 2735 ἐν
1431 2683 1576 2745 τοῖς
1617 2668 2049 2752 ἐπουρανίοις
2092 2667 2166 2736 ἐν
2198 2671 2477 2756 Χριστῷ
2509 2660 2738 2753 Ἰησοῦ,
2782 2670 2893 2736 ἵνα
2922 2669 3299 2756 ἐνδείξηται

680 2769 756 2837 ἐν
801 2784 948 2849 τοῖς
987 2771 1230 2837 αἰῶσιν
1270 2782 1418 2846 τοῖς
1460 2766 1931 2853 ἐπερχομένοις
1960 2762 2044 2836 τὸ
2070 2760 2500 2853 ὑπερβάλλον
2538 2771 2840 2849 πλοῦτος
2870 2771 2992 2857 τῆς
3020 2764 3296 2857 χάριτος

680 2868 762 2953 ἐν,
794 2860 1206 2955 χρηστότητι
1257 2860 1361 2950 ἐφ’
1407 2860 1580 2953 ἡμᾶς
1625 2868 1698 2934 ἐν
1739 2868 2015 2953 Χριστῷ
2059 2858 2325 2952 Ἰησοῦι.
2408 2860 2448 2937 ὁ
2510 2861 2577 2934 δ’
2640 2862 2845 2947 αὐτὸς
2902 2874 3014 2938 καὶ
3078 2876 3295 2941 ταῦτα
3328 2892 3400 2947 16

677 2972 830 3052 περὶ
877 2971 1004 3036 τοῦ
1047 2971 1357 3054 σωτῆρος
1399 2968 1744 3035 ἐδίδασκεν
1786 2959 2077 3048 φάσκων
2135 2959 2210 3035 »6
2253 2969 2327 3035 δὲ
2367 2964 2480 3035 διὰ
2521 2962 2606 3036 τὸ
2659 2972 2885 3053 μένειν
2936 2964 3151 3040 αὐτὸν
3200 2974 3293 3052 εἰς

575 3068 642 3124 25
680 3063 805 3135 τὸν
850 3067 1064 3135 αἰῶνα
1108 3058 1549 3152 ἀπαράβατον
1591 3064 1724 3150 ἔχει
1765 3060 1897 3150 τὴν
1940 3060 2336 3151 ἱερωσύνην·
2407 3056 2580 3135 ὅθεν
2630 3070 2742 3134 καὶ
2786 3065 3030 3152 σώζειν
3072 3070 3163 3152 εἰς
3208 3068 3290 3142 τὸ

675 3169 1004 3245 παντελὲς
1045 3161 1328 3235 δύναται
1371 3161 1533 3245 τοὺς
1573 3157 1991 3251 προσιόντας
2042 3157 2133 3232 δι’
2176 3158 2389 3235 αὐτοῦ
2432 3170 2535 3253 τῷ
2579 3171 2756 3254 θεῷ,
2800 3162 3109 3238 πάντοτε
3150 3174 3292 3255 ζῶν

673 3268 765 3345 εἰς
807 3262 891 3335 τὸ
935 3259 1368 3351 ἐντυγχάνειν
1407 3259 1578 3351 υπὲρ
1619 3256 1914 3333 αῦτῶνι.
1968 3271 1979 3343 Ι
2034 3256 2118 3332 οὖ
2167 3260 2301 3350 μὴν
2344 3258 2519 3335 αλλὰ
2560 3270 2673 3334 καὶ
2716 3262 2843 3337 τὸν
2884 3274 3291 3356 Μελχισεδὲκ
3328 3294 3429 3357 171
3468 3294 3549 3351 ⁸5

677 3367 806 3444 »εἰς
867 3362 950 3435 τὸ
1012 3368 1345 3451 διηνεκὲς(
1413 3365 1590 3450 ἱερέα
1637 3366 1865 3449 μένειν
1924 3361 2150 3449 ἔλεγεν
2204 3361 2311 3433 διὰ
2363 3360 2447 3433 τὸ
2508 3358 3059 3455 αφωμοιωμένον
3118 3370 3289 3440 εἶναι

677 3470 816 3583 »τῷ
847 3466 974 3552 υἱῷ
1005 3469 1132 3534 τοῦ
1161 3466 1386 3533 θεοῦι.
1458 3454 1609 3531 ἀλλ’
1641 3489 1752 3531 οτι
1778 3466 1902 3548 μὲν
1930 3458 2205 3543 τούτοις
2234 3485 2488 3533 απασιν
2518 3460 2917 3549 Μάρκελλος
2960 3461 3291 3541 τάναντία

567 3574 636 3628 30
671 3560 955 3651 γράφειν
997 3560 1252 3651 ἐτόλμα
1295 3558 1539 3649 μικρὸν
1579 3552 1867 3649 ὕστερον
1894 3558 2467 3651 παρατεθήσεται,
2514 3568 2663 3634 νυνὶ
2694 3557 2830 3633 δὲο
2790 3592 2985 3648 οπως
3013 3566 3291 3655 ἐφρόνει

663 3668 820 3748 περὶ
863 3668 992 3734 τοῦ
1031 3666 1196 3750 μηδὲ
1239 3660 1370 3749 τὴν
1421 3656 1634 3749 ἀρχὴν
1687 3660 1857 3729 εἶναι
1906 3654 2066 3748 μηδ’
2110 3656 2483 3747 υφεστάναι
2544 3660 2673 3732 τὸν
2731 3669 2859 3735 τοῦ
2920 3673 3089 3737 θεοῦ
3138 3667 3291 3740 υἱὸν

665 3761 1076 3850 θεασώμεθα
1118 3758 1477 3849 πρότερον.

831 3866 872 3932 2
898 3856 1306 3948 Ἐπισκὴψας
1336 3876 1482 3941 τοῖς
1514 3854 1849 3947 εἰρηκόσιν
1880 3856 2005 3929 τὸν
2033 3857 2187 3930 υἱὸν
2216 3866 2344 3931 τοῦ
2386 3866 2557 3931 θεοῦ
2598 3857 2883 3949 άληθῶς
2923 3863 3076 3936 υἱὸν
3110 3867 3283 3937 εἶναι
3320 3878 3487 3951 ὅπως
3506 3884 3674 3955 Maio--

665 3964 896 4044 ζῶντα
937 3965 1049 4029 καὶ
1091 3956 1478 4045 ὑφεστῶτα,
1536 3956 1665 4046 τὴν
1707 3958 1955 4027 εαυτοῦ
2000 3952 2205 4043 δόξαν
2252 3958 2556 4046 φανερὰν
2598 3970 3005 4051 καθίστησιν
3048 3961 3281 4049 αυτατς
3392 3958 3601 4018 ’‘⁵²²⁰ss

559 4070 628 4124 35
664 4065 1018 4141 συλλαβαῖς
1064 4054 1350 4147 γράφων
1393 4050 1618 4139 οὕτως

833 4226 912 4283 ιι
942 4227 1053 4297 vgl.
1089 4221 1154 4281 Α
1191 4225 1479 4297 (flemma)
1519 4244 1585 4280 zu
1622 4226 1642 4277 1
1681 4226 1820 4279 Κόη.
1858 4228 1906 4292 2,
1943 4228 2011 4281 35
2046 4243 2260 4280 usw.—
2284 4228 2319 4282 o
2362 4228 2415 4282 11
2448 4228 2587 4283 Tim.
2624 4230 2672 4297 2,
2710 4234 2790 4285 11.
2828 4232 2894 4285 12
2936 4262 3004 4271 -
3050 4234 3087 4290 s
3120 4234 3276 4289 Rom
3384 4212 3593 4294 λόγωι·

660 4330 803 4394 8,17
840 4360 906 4367 —
945 4329 1023 4384 ιο
1057 4328 1213 4384 Rom.
1251 4330 1299 4395 6,
1335 4328 1382 4382 8.
1420 4329 1452 4382 9
1489 4355 1554 4365 -
1593 4327 1670 4381 w
1705 4325 1859 4380 Rom.
1896 4330 1945 4389 6,
1982 4328 2048 4382 23
2082 4358 2151 4368 -
2189 4328 2265 4385 15
2302 4329 2459 4384 nom.
2496 4332 2546 4397 6,
2582 4332 2649 4385 23
2684 4362 2747 4370 -
2798 4333 2916 4391 161
2946 4333 3100 4388 Rom.
3135 4334 3183 4399 8,
3212 4337 3275 4389 17

659 4458 726 4466 —
762 4429 814 4482 11
847 4428 985 4484 Tim.
1022 4432 1070 4496 2,
1109 4431 1174 4484 12
1209 4458 1276 4468 —
1333 4429 1466 4484 181
1505 4428 1788 4493 Kor.1,9
1831 4457 1899 4467 -
1952 4430 2034 4483 20
2068 4428 2208 4499 Eph.
2244 4430 2293 4493 2,
2329 4431 2379 4485 6.
2417 4434 2447 4485 7
2483 4462 2549 4471 —
2586 4432 2666 4488 24
2703 4432 2867 4489 Hebr.
2906 4436 2952 4502 7,
2988 4438 3071 4493 24„
3108 4437 3176 4493 25
3208 4467 3277 4476 —

661 4529 740 4585 28
779 4530 942 4586 Hebr.
973 4534 1020 4597 7,
1049 4534 1082 4586 3
1118 4564 1184 4571 —
1221 4530 1299 4586 88
1335 4530 1444 4601 vgl.
1483 4528 1728 4582 Asterius
1763 4527 1821 4582 in
1850 4529 1944 4583 Nr.
1972 4532 2038 4585 59

829 4683 865 4737 2
902 4678 1182 4749 εἰλιμένον
1195 4683 1274 4736 V*
1297 4680 1608 4751 ήλιμμὲνον
1623 4680 1697 4735 V²
1725 4680 1734 4747 Ι
1763 4674 2065 4736 ἀθάνατον
2087 4681 2178 4739 Mo
2208 4684 2219 4751 Ι
2250 4678 2329 4739 2⁸2
2350 4681 2453 4739 τὸν
2481 4678 2909 4759 ὑπερβάλλοντα
2933 4690 3181 4745 πλοῦτον
3200 4689 3277 4743 V²
