3694 5582
679 496 760 560 52
1856 487 2126 546 Eusebius

855 653 932 712 ιθ’
969 651 1127 723 ὅπως
1159 653 1222 713 αὶ
1255 661 1409 713 θεῖαι
1442 659 1670 728 γραφαὶ
1703 655 1772 712 οὐ
1805 647 1991 726 μόνον
2023 651 2205 726 λόγον
2238 653 2383 712 ἀλλὰ
2425 657 2525 710 καὶ
2565 654 2739 726 μυρία
2785 646 2957 724 ἕτερα
2991 655 3090 710 καί

971 739 1084 815 πρὸ
1120 747 1219 809 τῆς
1253 737 1742 814 ἐνανθρωπήσεως
1777 737 2084 811 ὠνόμαζον
2118 735 2221 797 τὸν
2256 735 2383 796 υἱὸν
2415 745 2521 796 τοῦ
2551 742 2711 796 θεοῦ.

879 819 931 882 κ’
967 824 1317 898 παραθέσεις
1348 827 1450 881 καὶ
1482 821 1780 898 ἑρμηνεῖαι
1812 827 2045 898 μερικαὶ
2082 831 2195 882 τῶν
2218 817 2335 882 ἀπὸ
2372 829 2473 892 τῆς
2494 823 2657 889 θείας
2690 831 2917 893 γραφῆς
2950 819 3089 879 ἀπο·

969 911 1198 978 δείξεων
1233 907 1294 966 ἐν
1331 905 1486 976 ὅλοις
1520 906 1570 965 λ’
1603 911 1951 979 κεφαλαίοις.

609 1089 642 1144 5
839 1069 1010 1163 Ἐγώ
1071 1079 1194 1164 μὲν
1255 1069 1450 1164 ᾤμην
1508 1077 1809 1162 ἐξαρκεῖν
1870 1071 1994 1156 τὰς
2056 1079 2205 1144 τῶν
2276 1068 2491 1146 αὐτοῦ
2552 1077 2957 1192 Μαρκέλλου
3029 1075 3293 1157 φωνῶν

675 1179 1114 1262 παραθέσεις,
1169 1171 1248 1257 ἃς
1292 1173 1402 1245 διὰ
1447 1179 1594 1244 τῶν
1635 1174 2025 1262 ἔμπροσθεν
2069 1169 2514 1264 ἀνελεξάμην,
2566 1169 2740 1262 πρὸς
2783 1169 2912 1243 τὸν
2951 1165 3108 1242 καθ’
3152 1169 3293 1241 ἑαυ-

677 1279 826 1344 τῶν
869 1275 1158 1362 ἔλεγχον.
1245 1267 1431 1344 οῦτω
1475 1271 1600 1362 γὰρ
1644 1278 1971 1362 προφανῆ
2014 1279 2125 1343 καὶ
2170 1269 2628 1362 άδιάτρεπτον
2670 1269 2802 1360 τὴν
2846 1270 3135 1360 ἄρνησιν
3168 1274 3295 1340 τοῦ

674 1378 826 1446 υίοῦ
868 1378 996 1444 τοῦ
1037 1379 1208 1446 θεοῦ
1248 1391 1623 1461 περιεῖχον,
1689 1369 1786 1456 ὥς
1845 1379 1957 1443 καὶ
2017 1376 2167 1460 δίχα
2219 1369 2439 1462 πάσης
2482 1369 2939 1461 ἀντιρρήσεως
2982 1389 3128 1453 τοῖς
3170 1374 3293 1459 τῆς

674 1478 1023 1562 ἐκκλησίας
1070 1478 1195 1544 τοῦ
1237 1479 1409 1544 θεοῦ
1454 1479 1812 1563 τροφίμοις
1864 1470 2165 1560 φευκτὸν
2226 1473 2399 1544 εἶναι
2460 1470 2587 1544 τὸν
2644 1476 2721 1544 ἐν
2779 1468 3013 1554 αὐτοῖς
3071 1466 3292 1559 λόγον.

573 1587 640 1640 10
673 1578 818 1645 ἐπεὶ
860 1578 934 1645 δὲ
977 1569 1445 1661 διεσκεψάμην,
1487 1569 1740 1662 μήποτ’
1783 1572 1915 1660 ἄρα
1958 1578 2137 1654 τινὲς
2180 1577 2304 1662 τῆς
2346 1575 2899 1661 ἐκκλησιαστικῆς
2933 1577 3293 1660 θεολογίας
3360 1591 3395 1643 ‘2

671 1668 1072 1760 ὖποσυρεῖεν
1114 1678 1201 1760 τῇ
1244 1679 1473 1760 πολλῆ
1525 1677 1536 1760 Ι
1590 1677 1988 1762 παραθέσει,
2050 1665 2093 1760 ἦ
2148 1676 2459 1760 κέχρηται
2512 1665 2551 1742 6
2604 1666 2775 1759 άνὴρ
2819 1676 2914 1755 εἰς
2958 1675 3293 1743 πίστωσιν
3324 1690 3405 1746 60

675 1763 777 1842 ὦν
823 1767 1003 1860 ᾤετο
1048 1767 1240 1861 αὐτῷ
1284 1781 1785 1859 συμβαλεῖσθαι,
1830 1778 1943 1842 καὶ
1972 1769 2245 1845 τούτων
2274 1772 2505 1860 ἔκρινα
2532 1776 2675 1842 δεῖν
2713 1774 2823 1842 ἐπὶ
2868 1776 2994 1842 τοῦ
3035 1765 3290 1858 παρόν-

673 1900 798 1953 τος
841 1871 972 1942 τὸν
1015 1874 1290 1959 ἔλεγχον
1331 1873 1635 1961 ἐκφῆναι,
1680 1868 1776 1955 ὦς
1809 1867 1895 1941 ἂν
1922 1868 2139 1959 μάθοι
2183 1875 2318 1951 πᾶς
2362 1863 2472 1943 ὅτι
2514 1876 2677 1960 μηδὲ
2720 1870 2812 1954 εἶς
2857 1865 3045 1958 αὐτῷ
3090 1864 3293 1958 λόγος

675 1975 796 2059 τῆς
837 1974 1086 2042 ἐνθέου
1127 1975 1389 2060 γραφῆς
1432 1967 1828 2062 ἀρνουμένῳ
1860 1969 1989 2042 τὸν
2018 1969 2169 2042 υἱὸν
2199 1975 2327 2042 τοῦ
2370 1976 2539 2042 θεοῦ
2581 1967 2892 2056 συνῳδὸν
2932 1975 3289 2059 παρείχετο

570 2084 635 2136 15
669 2077 1073 2160 μαρτυρίαν,
1134 2067 1390 2154 πάντες
1450 2067 1515 2140 δ’
1563 2070 1882 2159 ἄντικρυς
1923 2075 2037 2143 4⁹*
2082 2067 2269 2160 αὐτῷ
2324 2068 2455 2160 τὴν
2498 2073 2824 2141 ἐναντίαν
2864 2074 3293 2159 ἐφθέγγοντο

672 2168 918 2260 φωνὴν
970 2167 1512 2259 <ά>διαστρόφως
1574 2167 1697 2252 τὰς
1767 2166 1891 2242 οὐκ
1952 2165 2187 2258 ὀρθῶς
2246 2165 2461 2243 αὐτοῦ
2522 2175 2670 2240 τῶν
2730 2177 2946 2242 θείων
3006 2175 3293 2258 γραφῶν

668 2267 1146 2358 παρεξηγῆσεις
1173 2265 1600 2351 εὐθύνοντες.
1673 2266 1961 2354 συνάψω
1994 2275 2065 2342 δὲ
2092 2267 2267 2341 κατὰ
2312 2267 2396 2341 τὸ
2440 2264 2611 2340 αὐτὸ
2658 2275 2743 2358 τῇ
2786 2266 3063 2340 τούτων
3092 2267 3295 2360 φώρᾳ

671 2367 800 2457 τὴν
846 2374 970 2440 τοῦ
1014 2374 1322 2458 σωτῆρος
1367 2365 1558 2457 ἡμῶν
1603 2377 1991 2457 θεολογίαν,
2036 2367 2377 2457 νεώτερον
2418 2374 2543 2456 μὲν
2586 2373 2803 2455 λέγειν
2848 2371 3025 2457 ἔχων
3070 2363 3291 2450 οὐδέν,

671 2462 819 2538 οὐδ’
883 2472 1176 2557 ἐμαυτοῦ
1237 2465 1463 2554 σοφόν
1524 2496 1590 2539 τι
1641 2475 1752 2539 καὶ
1799 2472 2051 2540 οἰκεῖον
2103 2461 2371 2558 εῦρεμα,
2435 2474 2559 2558 τῆς
2619 2463 2686 2539 δ’
2748 2471 3103 2556 ἐκκλησίας
3162 2473 3293 2540 τοῦ

566 2577 636 2632 20
671 2573 840 2639 θεοῦ
883 2565 1013 2656 τὴν
1044 2563 1506 2689 α’διάφθορον
1508 2573 1946 2640 διδασκαλίαν
1975 2565 2478 2657 προϊσχόμενος,
2523 2563 2611 2657 ἣν
2640 2567 2823 2656 παρὰ
2852 2574 3000 2638 τῶν
3037 2563 3289 2638 αὐτοπ-

673 2672 817 2736 τῶν
846 2673 958 2736 καὶ
991 2663 1350 2755 αυτηκόων
1380 2673 1506 2738 τοῦ
1536 2665 1746 2756 λόγου
1779 2667 2061 2740 ἄνωθεν
2091 2671 2163 2754 ἐξ
2192 2664 2397 2757 ἀρχῆς
2425 2671 2909 2756 παραλαβοῦσα
2938 2662 3287 2756 φυλάττει.

834 2771 873 2839 l
916 2763 1053 2855 πρὸ
1085 2770 1156 2837 δὲ
1195 2773 1317 2857 τῆς
1348 2764 1622 2839 τούτων
1661 2762 2047 2855 ἐξετάσεως,
2080 2765 2307 2857 ἐπειδὴ
2336 2765 2589 2857 μεταξὺ
2617 2773 2744 2840 τοῦ
2773 2762 3285 2857 συγγράμματος
3324 2778 3416 2841 ὅτι
3470 2782 3627 2883 μάτην

671 2861 798 2935 τὸν
839 2871 1220 2952 Σαβέλλιον
1261 2862 1374 2937 υπ’
1419 2863 1632 2939 αυτοῦ
1675 2864 2109 2958 κοπτόμενον
2160 2858 2391 2987 εὗρονέ
2452 2874 2907 2956 καταπλαγεὶς
2968 2871 3090 2956 τῆς
3149 2861 3289 2956 ἧλι-
3326 2854 3419 2977 {⁴¹
3460 2857 3619 2974 θέἶζῖ

670 2960 1002 3053 θιότητος
1047 2964 1174 3038 τὸν
1217 2966 1456 3055 ἄνδρα,
1523 2995 1619 3048 ως
1671 2961 1795 3037 οὐκ
1838 2970 2155 3054 ἐφείσατο
2196 2996 2424 3049 κακως
2466 2962 2825 3057 ἀγορεῦσαι
2868 2994 2953 3037 ον
2994 2962 3288 3055 πάντων
3326 2926 3631 3077 jugam

568 3074 635 3128 25
669 3068 935 3148 μᾶλλον
977 3068 1277 3137 ἐπαινεῖν
1321 3062 1534 3137 αυτὸν
1578 3070 1781 3156 ἐχρῆν
1823 3062 2161 3155 ὁμόδοξον
2206 3062 2391 3156 αυτῷ
2436 3075 2549 3138 καὶ
2601 3061 3053 3156 ὁμογνώμονα
3105 3094 3286 3155 γεγο-
3378 3078 3466 3145 ,τα
3494 3053 3627 3188 {⁶24-

673 3157 868 3247 νότα,
935 3192 1056 3253 ουχ
1101 3160 1451 3255 ηγησάμην
1493 3163 2023 3254 άντιπαρελθεῖν
2066 3174 2215 3255 σιγῇ
2267 3164 2393 3238 τὸν
2446 3162 2684 3256 λόγον,
2747 3171 3173 3256 παραδοῦναι
3216 3170 3287 3236 δὲ
3326 3124 3579 3263 αῑτζῷωο

670 3268 782 3333 καὶ
841 3261 1094 3335 τούτου
1157 3266 1432 3354 ἔλεγχον
1473 3272 1577 3355 τῷ
1630 3262 1925 3353 παρόντι
1991 3263 2344 3355 γράμματι.
2429 3264 2513 3338 τὸ
2574 3272 2697 3356 μὲν
2754 3266 2879 3356 γὰρ
2938 3266 3099 3350 τοὺς
3160 3271 3289 3337 τοῦ

667 3368 837 3433 θεοῦ
880 3363 1314 3453 λειτουργοὺς
1355 3362 1528 3450 πρὸς
1571 3361 1784 3437 αὐτοῦ
1829 3369 2304 3453 διαβεβλῆσθαι
2347 3370 2405 3437 εἰ
2456 3374 2567 3437 καὶ
2628 3362 2817 3457 αὐτῷ
2882 3372 3005 3456 μὲν
3064 3364 3289 3455 ψόγον

671 3480 817 3544 τοῖς
847 3459 910 3532 δ’
943 3467 1536 3553 ἐλευθερουμένοις
1566 3470 1687 3554 τῆς
1715 3462 1892 3554 πρὸς
1930 3459 2143 3535 αὐτὸν
2177 3472 2542 3548 κοινωνίας
2584 3462 2889 3553 εὐδοξίαν
2932 3462 3287 3555 ἐπήγαγεν,

567 3556 709 3624 30υ
670 3588 856 3650 ομως
899 3559 1114 3651 εἴχετό
1159 3591 1349 3647 τινος
1391 3560 1656 3647 εἰκότος
1700 3562 1784 3636 τὸ
1845 3567 2073 3635 δοκεῖν
2134 3563 2220 3635 τὰ
2279 3563 2370 3654 μὴ
2430 3561 2619 3655 αυτῷ
2682 3571 2851 3651 φίλα
2912 3574 3287 3653 φαυλίζειν·
3360 3580 3393 3632 2

669 3658 752 3731 τὸ
799 3666 872 3731 δὲ
915 3671 1158 3733 λαθεῖν
1202 3658 1558 3735 κόπτοντα
1601 3660 1815 3734 αὑτὸν
1857 3661 1968 3733 διὰ
2012 3668 2136 3753 τῆς
2188 3670 2316 3735 τοῦ
2367 3658 2853 3787 6uopyvoe3uovog
2898 3671 3285 3757 δυσφημίας,

669 3757 1081 3843 άναιδείας”
1050 3790 1270 3850 εμοιγε
1315 3756 1584 3834 δοκεῖο
1541 3792 1675 3852 αμα
1717 3770 1830 3833 καὶ
1876 3758 2319 3853 ἀναισθησίας
2369 3761 2711 3857 υπάρχειν.
2796 3760 2906 3838 ὅτι
2960 3771 3033 3837 δε
3087 3761 3288 3836 ταῦθ’

668 3852 891 3942 οῦτως
933 3862 1081 3948 ἔχει,
1125 3857 1372 3947 γενοιτ’
1419 3890 1504 3932 αν
1559 3865 1825 3951 ἔλεγχος
1887 3858 2093 3947 αυτὸς
2156 3864 2429 3948 ἑαυτοῦ,
2492 3860 2874 3955 υἱοπάτορα
2933 3865 3063 3939 τὸν
3124 3862 3293 3936 θεὸν

668 3958 845 4030 κατὰ
889 3958 1014 4029 τὸν
1060 3966 1456 4044 Σαβέλλιον,
1505 3968 1515 4047 Ι
1565 3967 1622 4031 εἰ
1665 3968 1776 4033 καὶ
1818 3960 1910 4051 μὴ
1956 3969 2185 4053 γυμνῷ
2240 3970 2343 4053 τῷ
2389 3960 2603 4053 λόγῳ,
2666 3972 2752 4054 τῇ
2794 3970 2962 4055 γοῦν
3004 3962 3292 4057 άληθείᾳ
3328 3980 3404 4039 61

837 4172 913 4228 21
955 4172 1090 4227 Luk.
1131 4176 1178 4243 1,
1213 4175 1262 4229 2.
1299 4176 1333 4228 3
1369 4202 1434 4212 -
1472 4173 1594 4229 εει
1625 4174 1736 4243 vgl.
1773 4174 1866 4229 Νι.
1903 4176 1971 4231 38
2004 4206 2071 4215 —-
2108 4175 2188 4231 84
2222 4176 2335 4247 νει.
2372 4196 2416 4232 2.
2454 4177 2515 4232 Β.
2553 4176 2747 4249 Epiph.
2785 4178 2934 4234 haer.
2970 4180 3053 4245 69,
3091 4182 3139 4237 7.
3177 4180 3239 4233 17

839 4356 876 4413 8
929 4358 1056 4428 δίχα
1093 4372 1176 4412 mr
1231 4357 1320 4415 διὰ
1359 4360 1406 4412 V
1460 4360 1470 4427 Ι
1529 4359 1602 4414 11
1659 4358 1858 4429 πολλῇ]
1898 4365 1961 4421 -Ι-
1996 4364 2112 4415 τῶν
2148 4366 2389 4433 γραφῶν
2424 4375 2509 4414 mr
2564 4362 2575 4429 Ι
2629 4362 2707 4418 18
2746 4360 2900 4436 αὐτῷ
2942 4383 2981 4435 g
3030 4362 3208 4421 αὐτοῦ
3243 4366 3293 4417 V

673 4470 679 4502 ¹
747 4458 820 4512 16
873 4460 1070 4528 φωνὴν
1105 4478 1156 4513 m
1195 4467 1413 4529 φωναῖς
1435 4460 1482 4512 V
1537 4461 1546 4527 Ι
1600 4454 2003 4533 ἀδιαστρόφως
2020 4458 2125 4516 We
2176 4464 2185 4523 1
2240 4464 2318 4518 26
2342 4458 2805 4536 ἀντιπαρελθεῖν]
2831 4466 3105 4536 vgl.Luk.
3127 4468 3208 4531 10,
3228 4468 3291 4521 31

669 4556 868 4613 Euseb.
905 4560 945 4622 Ι,
981 4562 1100 4626 214,
1125 4562 1189 4615 21
1245 4563 1254 4630 Ι
1306 4561 1378 4616 27
1419 4566 1628 4617 τοῦτον
1647 4562 1711 4626 V,
1749 4578 1887 4615 corr.
1926 4560 2011 4614 Ga
2056 4563 2065 4629 Ι
2120 4562 2200 4619 28
2252 4566 2398 4619 θεοῦ
2430 4564 2525 4620 Mo
2572 4565 2685 4636 vgl.
2725 4566 2778 4622 S.
2816 4568 2862 4633 1,
2899 4568 2967 4623 22
3010 4562 3138 4623 υἱοῦ
3174 4566 3223 4619 V
3282 4569 3289 4633 1

669 4659 749 4714 80
786 4654 1021 4726 εἰκότως
1046 4662 1112 4725 V,
1149 4678 1283 4717 corr,
1319 4661 1419 4725 K1;
1457 4657 1794 4731 συγγνώμης
1829 4703 1842 4717 .
1882 4659 2117 4730 εἰκότως
2150 4682 2205 4718 m
2258 4667 2267 4732 Ι
2322 4664 2399 4721 81
2440 4664 2683 4723 αῠῖντόνῖ7
