3694 5582
1151 536 1220 590 de
1255 534 1624 591 <aeclesiastica
1655 534 1939 601 theologia.
1972 535 2051 588 111
2086 536 2218 591 1.2.
2874 541 2989 604 139

373 697 500 789 γάρ
546 721 756 788 φησιν
807 696 917 790 κῆ
961 705 1202 790 σοφία)
1243 695 1727 787 κατεσκήνωσα
1771 696 2058 787 βουλὴνι
2108 706 2220 768 καὶ
2266 694 2389 770 οὐκ
2430 703 2717 790 εἴρηται·
2788 708 2996 788 σοφία

373 807 504 872 τοῦ
563 805 754 872 θεοῦ.
841 793 992 872 ἀλλ’
1056 796 1288 886 ῶσπερ
1349 799 1536 888 παρὰ
1595 805 1698 888 τῷ
1763 793 2196 886 εύαγγελιστῇ
2255 797 2339 870 τὸ
2409 803 2520 870 »ἐν
2582 796 2751 888 ἀρχῇ
2810 791 2896 888 ἦν
2957 796 2995 870 6

374 895 612 988 λόγοςι
665 895 1046 1019 ιῖπολύτωςς
1074 895 1428 986 ἐγράφετο,
1472 905 1585 968 καὶ
1625 894 1837 969 πάλιν
1885 891 1960 967 »6
2006 895 2206 984 λόγος
2251 889 2336 987 ἦν
2378 896 2553 986 πρὸς
2596 897 2724 970 τὸν
2766 897 2999 984 θεόνι,

372 1005 486 1071 καὶ
529 993 654 1070 ούκ
696 1001 957 1086 εἴρητο·
1008 993 1046 1069 6
1091 994 1296 1086 λόγος
1339 1003 1465 1069 τοῦ
1507 1004 1705 1081 θεοῦ,
1767 1000 1881 1068 ἳνα
1922 996 2013 1086 μὴ
2058 1005 2207 1069 τῶν
2264 995 2438 1084 πρός
2489 1027 2557 1069 τι
2612 1006 2851 1088 νομίσῃ
2896 1029 2999 1081 τις

303 1109 340 1162 5
375 1095 589 1169 αὐτὸν
631 1104 966 1187 λέγεσθαι,
1011 1093 1164 1187 μηδ’
1209 1095 1304 1180 ῶς
1348 1092 1808 1185 συμβεβηκότα
1850 1101 1925 1168 ἐν
1955 1104 2057 1187 τῶ
2088 1103 2259 1186 θεῶ,
2306 1093 2451 1168 ἀλλ’
2499 1095 2595 1181 ῶς
2630 1094 2997 1185 ύφεστῶτα

371 1204 484 1270 καὶ
531 1207 760 1284 ζῶντα
799 1195 931 1286 (διὸ
960 1200 1254 1286 ἐπιλέγει
1301 1204 1449 1268 »καὶ
1491 1194 1656 1278 θεὸς
1699 1187 1784 1284 ἦν
1827 1192 1867 1267 6
1912 1192 2174 1284 λόγοςι,
2220 1193 2343 1268 οὐκ
2386 1198 2623 1269 εἰπών·
2667 1206 2780 1269 καὶ
2822 1206 2994 1286 θεοῦ

373 1290 463 1388 ἦν
505 1293 542 1369 6
588 1294 832 1387 λόγος),
897 1291 1124 1380 οὕτως
1166 1305 1280 1368 καὶ
1323 1301 1436 1369 ἐπὶ
1478 1302 1600 1386 τῆς
1660 1301 1929 1382 σοφίας·
2001 1299 2075 1368 ἓν
2136 1295 2263 1385 γὰρ
2321 1303 2434 1368 καὶ
2486 1293 2747 1370 ταύτὸν
2804 1290 2891 1388 ἦν
2952 1293 2991 1369 6
3026 1305 3060 1360 2

371 1398 538 1480 θεὸς
579 1393 787 1486 λόγος
829 1403 939 1468 καὶ
985 1393 1028 1486 ἦ
1069 1404 1296 1484 σοφία.
1379 1395 1483 1468 διὸ
1539 1392 1905 1479 ἇπολύτως
1964 1401 2039 1466 ἐν
2098 1415 2247 1478 ταῖς
2289 1402 2687 1486 Παροιμίαις
2746 1393 2993 1486 ὀνομά-

373 1508 576 1584 ζει-αι,
622 1500 698 1568 ἔν
740 1525 818 1568 τε
862 1513 1008 1580 τοῖς
1050 1506 1490 1585 προτεθετσιν
1533 1498 1784 1585 ῥητοῖς,
1831 1493 1914 1567 06
1958 1495 2091 1618 μὴν
2122 1492 2299 1568 ἀλλὰ
2329 1502 2440 1566 καὶ
2470 1492 2554 1567 δι’
2603 1489 2706 1568 ῶν
2732 1505 2991 1569 τοῦτον

269 1606 338 1661 10
373 1601 632 1686 εἴρηται
675 1594 804 1667 τὸν
843 1593 1114 1684 τρόπον
1180 1593 1539 1686 »μακάριος
1599 1590 1772 1684 ἀνὴρ
1835 1587 1911 1678 ὃς
1953 1585 2145 1684 εὗρεν
2188 1601 2474 1684 σοφίαν(
2540 1603 2651 1668 καὶ
2714 1591 2789 1667 »6
2833 1595 2997 1681 θεὸς

369 1703 457 1784 τῇ
501 1704 710 1788 σοφίᾳ
754 1699 1160 1784 ἐθεμελίωσε
1205 1695 1337 1784 τὴν
1379 1702 1540 1785 γῆν(
1597 1702 1710 1765 καὶ
1767 1695 2003 1766 »εἶπον
2054 1695 2185 1785 τὴν
2228 1703 2481 1783 σοφίαν
2522 1695 2651 1786 σὴν
2694 1692 2998 1787 ἀδελφὴν

373 1797 578 1866 εἶναι(
625 1803 740 1866 καὶ
788 1795 906 1866 »σύ
946 1795 1078 1885 τὴν
1121 1802 1374 1882 σοφίαν
1413 1791 1729 1884 κήρυξον,
1773 1795 1887 1866 ἵνα
1931 1791 2258 1884 φρόνησίς
2288 1819 2395 1867 σοι
2425 1794 2991 1886 ἐπακολουθήσῃ(

370 1902 484 1966 καὶ
532 1904 899 1983 »κρείσσων
939 1893 1068 1984 γὰρ
1111 1902 1317 1982 σοφία
1374 1901 1603 1966 λιθῶν
1653 1902 2093 1967 πολυτελῶν(
2166 1905 2175 1980 Ι
2240 1903 2353 1966 καὶ
2419 1891 2497 1984 »ἦ
2558 1904 2765 1982 σοφία
2826 1893 2999 1986 ‹62⁶0-
3033 1905 3065 1958 3
3096 1903 3105 1972 Ι
3139 1903 3257 1959 150

371 1990 661 2084 δόμησεν
704 1995 910 2084 ἑαυτῇ
954 1997 1174 2080 οἷκον,
1235 2000 1347 2066 καὶ
1407 1991 1769 2083 ύπήρεισεν
1831 1991 2121 2076 στύλους
2181 1993 2391 2065 ἑπτὰ(
2456 2001 2571 2066 καὶ
2636 1988 2761 2067 ὅσα
2822 1994 2997 2068 ἄλλα

270 2104 338 2159 15
369 2094 648 2177 τούτοις
692 2091 954 2182 α’δελφὰ
998 2099 1072 2166 ἐν
1115 2103 1204 2183 τῇ
1257 2091 1430 2184 αὐτῇ
1490 2100 1768 2181 φέρεται
1826 2102 2063 2183 βίβλῳ·
2137 2089 2220 2164 δι>
2286 2085 2387 2166 ῶν
2440 2091 2740 2184 ούδαμοῦ
2792 2102 2997 2183 σοφία

370 2200 542 2266 θεοῦ
590 2189 1002 2281 ὠνόμασται,
1047 2190 1221 2266 ἀλλὰ
1265 2190 1666 2284 ἀδιορίστως
1708 2189 1750 2282 ἦ
1779 2201 2021 2315 σοφία,
2066 2197 2177 2265 ἵνα
2218 2193 2307 2283 μὴ
2352 2191 2657 2282 σύμβαμᾶ
2702 2224 2769 2265 τι
2814 2202 2995 2284 νομί-

371 2317 595 2381 σωμεν
637 2290 856 2382 αὐτὴν
898 2295 1068 2365 εἶναι
1111 2301 1266 2382 περὶ
1308 2291 1438 2366 τὸν
1479 2291 1677 2377 θεόν,
1742 2289 1838 2376 ὥς
1899 2297 1975 2363 ἐν
2024 2299 2126 2382 τῷ
2173 2291 2573 2383 ἐπιστήμονι
2626 2290 2824 2382 ἀνδρὶ
2867 2293 2997 2383 τὴν

369 2390 762 2482 ἐπιστήμην,
810 2389 956 2464 ἀλλ’
1001 2389 1406 2481 ύφεστῶσαν
1447 2399 1559 2464 καὶ
1603 2398 1831 2479 ζῶσαν
1872 2398 2151 2480 σοφίαν,
2197 2391 2327 2481 τὴν
2371 2389 2586 2482 αὐτὴν
2630 2385 2841 2465 οὖσαν
2884 2400 2991 2483 τῶ

367 2497 497 2583 υίῶ
544 2499 672 2565 τοῦ
713 2499 899 2565 θεοῦ.
985 2499 1043 2564 εἰ
1086 2498 1163 2564 δέ
1203 2523 1309 2576 τις
1346 2495 1485 2578 ἕξιν
1526 2495 1600 2563 ἐν
1644 2499 1748 2582 τῷ
1792 2498 1941 2582 θεῶ
1988 2491 2211 2582 σοφὴν
2238 2487 2395 2564 καθ’
2442 2486 2480 2563 6
2526 2499 2818 2582 νοοῦμεν
2862 2492 2993 2564 τὸν
3024 2501 3059 2554 4

267 2609 336 2665 20
369 2593 540 2664 θεὸν
587 2593 812 2680 σοφὸν
849 2589 1185 2677 ’ὑπολάβοι
1228 2595 1402 2664 εἶναι
1444 2591 1579 2682 τὴν
1619 2564 1921 2662 ἐνταῦθα
1965 2599 2335 2682 λεγομένην
2376 2599 2654 2680 σοφίαν,
2708 2596 2990 2666 ἐπακου-

370 2689 560 2764 σάτω
605 2690 930 2782 λεγούσης
990 2699 1113 2783 τῆς
1171 2698 1434 2781 γραφῆς
1500 2693 1734 2762 »εἶπον
1777 2690 1909 2780 τὴν
1952 2699 2202 2779 σοφίαν
2244 2690 2371 2781 σὴν
2415 2687 2719 2781 ἀδελφὴν
2761 2693 2992 2764 εἷναιι.

367 2800 472 2874 τίς
516 2786 581 2862 δ’
629 2789 718 2863 ἂν
760 2787 949 2864 οὕτω
992 2801 1252 2883 μανείη,
1315 2796 1410 2875 ῶς
1461 2790 1592 2863 τὸν
1634 2795 1746 2863 ἐπὶ
1787 2786 2079 2864 πάντων
2122 2790 2295 2863 θεὸν
2340 2798 2455 2864 καὶ
2507 2789 2639 2881 τὴν
2682 2797 2757 2864 ἐν
2799 2788 2989 2883 αύτῷ

367 2890 594 2979 σοφὴν
649 2892 788 2977 ἕξιν
845 2889 1215 2975 ὑπολαβεῖν
1276 2888 1581 2980 ἀδελφὴν
1639 2899 1788 2963 τῶν
1847 2896 1923 2963 ἐν
1984 2886 2387 2978 ἀνθρώποις
2444 2890 2991 2979 κατορθούντων

365 2996 708 3079 λέγεσθαι;
767 2997 827 3063 εί
889 2998 961 3063 δὲ
1023 2996 1134 3063 ἐπὶ
1194 2989 1322 3063 τὸν
1367 2988 1670 3080 Χριστὸν
1724 2996 1852 3062 τοῦ
1909 2996 2079 3061 θεοῦ
2121 2988 2431 3077 ἐκλᾶβοις
2491 2990 2573 3062 τὸ
2634 2998 2990 3081 εἰρημένον
3026 3001 3059 3053 5

267 3108 334 3164 25
366 3090 766 3180 (ιΧριστόςε
835 3090 963 3180 γὰρ
1041 3097 1246 3163 »θεοῦ
1307 3088 1585 3181 δύναμις
1643 3098 1757 3161 καὶ
1815 3096 1985 3163 θεοῦ
2047 3098 2348 3177 σοφίαι),
2412 3088 2611 3163 οὐδὲν
2670 3091 2992 3181 ἐμποδῶν

368 3193 558 3261 ἔσται
587 3198 674 3279 τῇ
707 3196 992 3282 διανοία,
1037 3196 1182 3262 ἐπεὶ
1224 3197 1337 3261 καὶ
1381 3189 1514 3279 τὴν
1554 3188 1730 3278 πρὸς
1773 3186 1945 3279 ἡμᾶς
1988 3186 2113 3260 οῦκ
2157 3187 2507 3261 ἀναίνεται
2552 3188 2989 3279 ἀδελφότητα

366 3285 458 3361 δι’
504 3287 894 3380 ύπερβολὴν
935 3298 1482 3380 φιλανθρωπίας.
1570 3293 1625 3360 εἰ
1667 3294 1739 3361 δὲ
1783 3293 1857 3359 ἓν
1898 3295 2009 3359 καὶ
2062 3286 2320 3361 ταύτὸν
2372 3282 2457 3379 ἧν
2502 3285 2541 3361 6
2584 3289 2765 3371 θεὸς
2792 3296 2991 3378 καὶη

365 3394 442 3460 ἐν
484 3408 634 3473 ταῖς
678 3397 1074 3480 Παροιμίαις
1117 3394 1512 3479 εἰσαγομένη
1557 3396 1782 3477 σοφία,
1839 3390 1971 3475 ἕξις
2012 3381 2180 3460 οὖσα
2224 3390 2407 3479 σοφὴ
2450 3394 2526 3460 ἐν
2570 3386 2758 3478 αύτῷ
2798 3416 2991 3459 νοου-

365 3494 532 3577 μένη
560 3486 720 3559 καθ’
753 3482 792 3562 6
832 3489 1046 3577 σοφὸς
1077 3484 1116 3560 6
1145 3488 1327 3573 θεός,
1372 3496 1440 3559 τί
1482 3489 1780 3560 ἐκώλυεν
1823 3485 1983 3560 ἀντὶ
2026 3494 2149 3577 τῆς
2192 3496 2436 3576 σοφίας
2464 3486 2593 3560 τὸν
2621 3487 2791 3559 θεὸν
2836 3484 2993 3559 ἄνα-

269 3606 336 3663 30
365 3584 778 3676 γεγράφθαι;
823 3586 1000 3660 ὥστε
1045 3588 1128 3661 τὸ
1178 3584 1258 3676 »ἦ
1287 3597 1495 3675 σοφία
1524 3584 1965 3677 ᾠκοδόμησεν
1994 3589 2200 3676 ἑαυτῇ
2232 3590 2444 3674 οἷκον,
2489 3594 2601 3658 καὶ
2630 3584 2992 3678 ύπῆρεισεν

369 3685 658 3770 στύλους
701 3685 911 3760 {mdc
961 3694 1074 3759 καὶ
1118 3686 1206 3759 τὰ
1248 3686 1522 3769 τούτοις
1564 3695 1947 3777 συνημμένα
1998 3692 2307 3775 εἰρῆσθαι
2351 3683 2505 3759 ἀντὶ
2549 3693 2700 3759 τοῦ·
2744 3682 2782 3757 6
2826 3685 2989 3769 θεὸς

369 3784 812 3877 ᾠκοδόμησεν
855 3790 1078 3876 ἑαυτῷ
1125 3788 1321 3860 οἷκον
1371 3795 1484 3857 καὶ
1527 3786 1614 3857 τὰ
1657 3788 1836 3876 ἑξῆς,
1897 3794 2011 3857 καὶ
2068 3786 2283 3858 πάλιν
2345 3783 2542 3873 [ἀντὶ]
2607 3784 2689 3857 τὸ
2758 3786 2989 3858 »εἶπον
3024 3808 3057 3861 6

369 3886 498 3975 τὴν
542 3895 794 3973 σοφίαν
837 3886 964 3977 σὴν
1004 3884 1310 3976 ἀδελφὴν
1353 3888 1558 3959 εἶναι(
1610 3892 1927 3975 λελέχθαι
1969 3884 2159 3971 <cim-2
2202 3891 2386 3973 τοῦ>·
2430 3886 2627 3957 εἶπον
2657 3884 2785 3957 τὸν
2816 3883 2986 3955 θεὸν

371 3984 492 4058 σὸν
553 3982 858 4074 ἀδελφὸν
916 3988 1100 4057 εἶναι.
1187 3981 1338 4059 ἀλλ’
1401 3983 1562 4075 όρᾷς
1623 3984 1719 4068 ῶς
1779 3985 1911 4075 τὴν
1972 3980 2185 4075 ἀκοὴν
2243 3983 2533 4075 πλήττει
2596 3982 2637 4075 ἦ
2702 3983 2985 4072 τοιαύτη

275 4099 338 4155 35
371 4084 571 4174 φωνὴ
618 4082 744 4157 οὐκ
789 4088 1026 4174 ἔχουσα
1070 4081 1420 4175 ἁρμονίαν.
1507 4094 1564 4157 εἰ
1626 4082 1690 4156 δ’
1753 4090 1865 4156 ἐπὶ
1924 4084 2053 4157 τὸν
2102 4082 2254 4156 υἱὸν
2305 4082 2611 4169 ἐκλάβοις
2662 4084 2748 4157 τὰ
2792 4081 2989 4173 λόγια
3026 4098 3055 4150 7

539 4305 621 4361 21
650 4306 776 4359 Joh.
813 4309 861 4370 1,
898 4307 926 4357 1
965 4334 1032 4344 —
1065 4304 1100 4361 6
1132 4302 1256 4361 Joh.
1295 4308 1340 4367 1,
1378 4308 1407 4361 1
1445 4334 1512 4344 -·
1550 4306 1625 4361 10
1659 4306 1821 4362 Prov.
1858 4308 1907 4372 3,
1943 4306 2010 4361 13
2044 4335 2111 4345 —
2146 4306 2377 4372 Prov.3‚
2398 4308 2462 4363 19
2496 4334 2563 4346 —
2602 4306 2677 4362 11
2715 4305 2991 4368 Prov.'7,4

365 4434 432 4445 —-
475 4406 548 4461 12
583 4406 866 4471 Prov.8,1
902 4435 969 4447 —
1010 4406 1088 4462 18
1121 4408 1283 4462 Prov.
1308 4407 1446 4472 8,12
1481 4436 1548 4446 —
1584 4406 1744 4462 Prov.
1771 4410 1871 4475 9‚1
1908 4437 1976 4446 —
2012 4408 2089 4463 21
2130 4407 2289 4463 Prov.
2312 4409 2412 4475 7‚4
2447 4436 2514 4448 —
2552 4408 2629 4463 25
2666 4408 2995 4471 IKor.1,24

368 4536 432 4546 ·-
469 4508 550 4564 80
585 4506 746 4561 Pron
785 4508 834 4571 9,
871 4510 902 4561 1
937 4537 1006 4547 —
1041 4508 1120 4564 82
1158 4508 1318 4563 Prov.
1357 4510 1406 4573 7,
1437 4512 1474 4563 4

539 4708 574 4763 1
611 4706 648 4777 ἡ
689 4708 866 4778 σοφία
903 4708 976 4762 m
1038 4708 1048 4775 Ι
1112 4702 1348 4780 εἴρηται]
1385 4716 1450 4774 -ὶ-
1485 4708 1562 4778 ὴῬ
1626 4710 1636 4777 Ι
1702 4708 1780 4764 82
1815 4706 1882 4763 τὸ
1920 4708 1993 4761 Kl
2028 4706 2153 4765 ἀντὶ
2185 4716 2289 4765 τοῦ
2330 4709 2375 4763 V
2440 4712 2450 4777 Ι
2515 4710 2595 4765 88
2631 4706 2757 4766 ἀντὶ
2792 4716 2895 4765 τοῦ
2921 4709 2994 4763 m
