3694 5582
639 541 720 602 35
1803 525 2072 583 Eusebius

639 701 750 765 καὶ
791 697 892 765 ἔτι
933 698 1197 782 μᾶλλον
1241 698 1453 765 τοῦτο
1497 688 1976 777 κατασκευάζει
2018 685 2102 761 δι’
2132 681 2235 762 ὦν
2278 694 2353 761 ἐν
2397 706 2541 770 τοῖς
2587 688 2735 778 ἑξῆς
2780 717 2967 764 ουτω
3012 687 3253 778 γράφει
3324 707 3356 760 7

529 779 651 885 κιο]
765 798 902 881 (Nr.
929 799 1033 878 31)
1096 793 1180 864 τὸ
1222 799 1346 882 μὲν
1393 784 1518 863 οὖν
1576 789 1730 878 πρὸ
1792 799 1959 861 τῶν
2022 791 2345 862 αἰώνων
2410 786 2659 861 αυτὸν
2726 794 3252 880 γεγεννῆσθαι

575 883 670 933 ‘⁷‘
765 899 992 984 φῆσαι,
1039 889 1448 975 ἀκολούθως
1491 897 1822 981 εἰρηκέναι
1854 895 2067 961 δοκεῖ·
2113 896 2409 1012 γέννημα
2436 888 2563 978 γὰρ
2606 887 2691 960 τὸ
2734 889 3089 980 προελθὸν
3125 894 3255 961 τοῦ

764 998 1146 1082 προεμένου
1191 1000 1492 1082 γίγνεται
1532 987 1812 1078 πατρός.
1898 987 2199 1078 θάτερον
2242 986 2305 1060 δ’
2352 986 2579 1061 ουκέτι
2630 985 2836 1078 ὑγιῶς
2888 985 3038 1061 οὐδ’
3084 986 3255 1060 εὗσε-

573 1101 606 1156 5
718 1100 906 1192 βῶς
947 1088 1136 1182 αύτῷ
1179 1100 1652 1180 παρείληπται.
1738 1089 1822 1162 τὸ
1884 1089 2012 1179 γὰρ
2052 1095 2163 1163 41*
2209 1088 2299 1179 μὴ
2359 1087 2570 1178 λόγον
2631 1091 2801 1160 εἶναι
2860 1095 3070 1179 φῆσαι
3132 1087 3257 1160 τὸν
3326 1109 3363 1164 8

767 1197 838 1277 ἐξ
881 1188 1095 1263 αυτοῦ
1137 1187 1576 1316 προελθόντα
1617 1199 1730 1262 καὶ
1773 1195 2033 1262 τοῦτον
2062 1191 2235 1261 εἶναι
2275 1187 2404 1261 τὸν
2448 1195 2570 1279 τῆς
2612 1187 2991 1280 γεννήσεως
3028 1185 3255 1278 ἀληθῆ

769 1291 1058 1376 τρόπον,
1122 1288 1272 1364 ἀλλ’
1317 1287 1557 1374 απλῶς
1597 1287 1777 1362 υἱὸν
1815 1285 2097 1380 μόνον,
2160 1292 2448 1378 ἔμφασίν
2508 1317 2664 1361 τινα
2708 1309 2854 1372 τοῖς
2898 1286 3259 1361 ἀκούουσιν

769 1387 1218 1481 ανθρωπίνης
1263 1413 1491 1478 οψεως
1533 1392 1849 1479 παρέχειν
1892 1392 2157 1461 εἴωθεν.

642 1498 754 1564 καὶ
798 1493 872 1563 ἐν
913 1489 1188 1574 τούτοις
1229 1497 1352 1580 μὲν
1395 1497 1608 1580 γυμνῇ
1653 1496 1739 1578 τῇ
1781 1495 2045 1578 κεφαλῇ
2091 1491 2219 1562 τὸν
2259 1495 2381 1579 μὲν
2422 1487 2575 1561 υἱὸν
2626 1485 2989 1580 ἠρνήσατο,
3050 1486 3260 1574 ψιλὸν

543 1598 613 1653 10
645 1595 718 1662 δὲ
763 1587 972 1680 λόγον
1017 1587 1246 1678 ὥσπερ
1308 1588 1462 1661 τινὰ
1521 1588 2031 1676 προστακτικὸν
2092 1595 2241 1659 τῶν
2298 1594 2648 1678 ποιητέων
2708 1584 2998 1677 εἰσάγων
3057 1585 3262 1676 δῆλός

647 1695 830 1763 ἐστιν
873 1695 942 1777 ἐξ
987 1719 1090 1761 ων
1134 1693 1434 1775 ἐπιφέρει
1478 1694 1696 1778 λέγων

773 1795 909 1878 (Nr.
941 1796 1046 1876 41)
1093 1818 1175 1860 ον
1219 1817 1402 1860 ουτω
1443 1795 1652 1860 πᾶσαι
1695 1791 1761 1858 αἱ
1805 1799 1988 1859 θεῖαι
2030 1785 2481 1877 κηρύττουσιν
2532 1795 2799 1876 γραφαί.
2886 1793 3095 1860 Δαυὶδ
3139 1793 3261 1876 μὲν
3330 1803 3367 1858 9

774 1889 900 1980 γὰρ
943 1895 1096 1978 περὶ
1141 1885 1354 1961 αὐτοῦ
1399 1895 1573 1977 λέγει
1624 1895 1760 1977 »τῷ
1807 1885 1996 1979 λόγῳ
2024 1893 2261 1976 κυρίου
2289 1917 2357 1959 οι
2384 1885 2662 1976 οὐρανοὶ
2690 1887 3260 1976 ἐστερεώθησανε.

775 1981 974 2071 αὖθίς
1027 2015 1102 2059 τε
1161 1983 1266 2076 <ο>
1327 1984 1537 2070 αὐτὸς
1585 1959 2093 2074 »ἐξαπέστειλεν
2152 1985 2279 2058 τὸν
2340 1984 2552 2076 λόγον
2610 1983 2825 2059 αὐτοῦ
2866 1993 2978 2055 καὶ
3021 1984 3265 2058 ἰάσατο

549 2095 616 2150 15
777 2086 1088 2170 αύτούςι.
1173 2089 1520 2176 Σολομὼν
1565 2094 1636 2160 δὲ
1683 2085 2123 2178 »ζητήσουσίν
2154 2115 2233 2177 με
2276 2093 2489 2172 κακοί,
2534 2093 2645 2158 καὶ
2691 2082 2811 2176 οὔχ
2856 2083 3267 2176 ευρῆσουσιν.

776 2193 1094 2277 ἐμίσησαν
1164 2185 1290 2276 γὰρ
1360 2194 1634 2272 σοφίαν,
1711 2186 1836 2259 τὸν
1908 2192 1981 2258 δὲ
2053 2183 2263 2276 λόγον
2332 2195 2573 2276 κυρίου
2641 2183 2724 2257 ού
2792 2193 3267 2273 προείλαντοι.

772 2282 1035 2370 Ἡσαΐας
1099 2313 1172 2356 τε
1237 2289 1346 2356 »ἐκ
1408 2284 1533 2375 γὰρ
1595 2288 1789 2358 Σιών
1852 2285 2298 2374 ἐξελεύσεται(
2364 2289 2493 2376 ἔφη
2562 2283 2831 2374 »νόμος.
2894 2295 3005 2356 καὶ
3063 2283 3269 2373 λόγος

775 2395 1014 2474 κυρίου
1069 2389 1140 2472 ἐξ
1181 2381 1659 2476 Ἱερουσαλὴμι.
1743 2394 1853 2458 καὶ
1900 2379 2099 2469 αὖθις
2141 2383 2443 2476 Ἱερεμίας
2492 2383 2961 2475 »ᾐσχύνθησαν
3022 2391 3260 2471 σοφοὶ(
3306 2399 3373 2455 10

779 2492 986 2572 φησὶν
1035 2492 1182 2556 »καὶ
1223 2485 1672 2574 ἐπτοήθησαν
1715 2494 1826 2557 καὶ
1873 2485 2212 2570 ἑάλωσαν,
2274 2480 2385 2557 ὅτι
2446 2484 2572 2557 τὸν
2616 2482 2825 2573 λόγον
2866 2489 2995 2556 τοῦ
3036 2490 3270 2572 κυρίου

549 2589 620 2646 20
779 2581 1338 2674 ἅπεδοκίμασανι.
1410 2593 1522 2656 καὶ
1563 2581 1752 2673 Ὠσηὲ
1797 2591 1934 2674 <δὲ>
1981 2580 2018 2656 ὅ
2064 2583 2427 2676 προφήτης
2475 2589 2862 2674 »ἐμίσησανι
2914 2587 3109 2673 <ἔφη>
3160 2587 3271 2654 »ἐν

781 2682 1027 2767 πύλαις
1088 2688 1478 2773 ἐλέγχοντα,
1553 2689 1660 2753 καὶ
1725 2680 1935 2772 λόγον
1997 2678 2189 2756 ὅσιον
2249 2683 2751 2772 ἐβδελύξαντοι.
2846 2689 3134 2773 Μιχαίας
3194 2711 3271 2754 τε

779 2779 1032 2874 ὁμοίως
1073 2791 1186 2857 καὶ
1229 2780 1435 2868 αὐτὸς
1477 2790 1628 2873 περὶ
1673 2789 1801 2856 τοῦ
1854 2781 2062 2874 λόγου
2121 2783 2571 2876 μνημονεύων
2631 2787 2780 2873 (ιέκ
2823 2783 3094 2873 Σιώνι>
3140 2785 3268 2870 ἔφη

787 2882 1230 2971 »ἐξελεύσεται
1275 2882 1502 2974 νόμος,
1547 2892 1658 2955 καὶ
1704 2881 1907 2975 λόγος
1950 2892 2188 2973 κυρίου
2228 2890 2299 2972 ἐξ
2340 2880 2815 2975 Ἱερουσαλήμι.

655 2990 957 3056 τοσαῦτα
1016 2982 1328 3073 συνάγων
1389 2991 1542 3073 περὶ
1605 2990 1730 3056 τοῦ
1789 2991 2296 3072 προστακτικοῦ
2368 2981 2579 3073 λόγου
2646 2982 2819 3073 ῥητὰ
2874 2979 3272 3073 Μάρκελλος
3306 3002 3377 3056 11

551 3089 620 3143 25
657 3080 982 3156 τοιοῦτόν
1044 3111 1198 3155 τινα
1255 3084 1427 3155 εἶναί
1488 3106 1696 3173 φησιν
1752 3094 1866 3155 καὶ
1920 3082 2045 3155 τὸν
2094 3087 2204 3154 »ἐν
2248 3080 2417 3172 ἀρχῇ
2462 3083 2634 3173 πρὸς
2680 3081 2806 3155 τὸν
2853 3082 3052 3155 θεὸν(
3102 3080 3271 3153 θεὸν

657 3181 880 3272 λόγον.
963 3181 1068 3253 διὸ
1113 3178 1342 3273 ἐπάγει
1385 3181 1668 3271 φάσκων

781 3286 917 3369 (Nr.
943 3290 1049 3369 46)
1095 3277 1134 3353 ὅ
1179 3289 1250 3353 δὲ
1293 3282 1469 3372 ἱερὸς
1516 3279 1904 3366 ἀπόστολός
1948 3312 2020 3353 τε
2054 3291 2164 3354 καὶ
2192 3282 2507 3373 μαθητὴς
2538 3288 2666 3354 τοῦ
2690 3290 2927 3373 κυρίου
2953 3278 3273 3369 Ἰωάννης

780 3388 1017 3468 σαφῶς
1078 3388 1252 3471 <καὶ>
1319 3379 1686 3471 διαρρήδην
1745 3386 1819 3453 ἐν
1886 3378 2057 3471 αρχῇ
2118 3389 2245 3454 τοῦ
2304 3380 2693 3471 εὐαγγελίου
2750 3378 3116 3467 διδάσκων,
3178 3412 3274 3465 ως

783 3478 1244 3570 ἀγνοούμενον
1275 3486 1350 3553 ἐν
1379 3478 1784 3569 ανθρώποις
1813 3478 2178 3570 πρότερον,
2226 3479 2434 3571 λόγον
2480 3478 2692 3553 αὐτὸν
2735 3487 2862 3553 τοῦ
2889 3478 3273 3570 παντοκρά-

555 3584 624 3640 30
784 3608 986 3669 τορος
1029 3574 1417 3669 ὀνομάζων,
1481 3574 1706 3663 ου’τως
1743 3590 1752 3669 Ι
1793 3586 1923 3701 ἔφη
1973 3586 2085 3652 »ἐν
2128 3579 2297 3701 οἷρχῇ
2342 3584 2427 3671 ἡν
2469 3611 2506 3652 ο
2556 3577 2785 3670 λόγος
2830 3588 2942 3652 καὶ
2986 3610 3025 3653 ο
3071 3579 3273 3668 λόγος
3310 3598 3387 3654 87

781 3682 867 3768 ἠν
907 3678 1081 3767 πρὸς
1126 3677 1250 3751 τὸν
1281 3676 1468 3763 θεόν,
1514 3690 1627 3751 καὶ
1671 3678 1835 3764 θεὸς
1880 3684 1969 3769 ἠν
2012 3677 2049 3751 ὁ
2096 3676 2359 3770 λόγοςα.
2445 3710 2525 3753 ου
2568 3686 2683 3773 μιᾷ
2726 3686 3059 3774 μαρτυρίᾳ
3097 3680 3272 3769 χρώ·

780 3807 982 3868 μενος
1027 3778 1157 3867 τὴν
1201 3775 1556 3866 ἀιδιότητα
1599 3784 1726 3852 τοῦ
1769 3776 1979 3868 λόγου
2022 3788 2340 3869 σημαίνει.

659 3884 768 3947 και
810 3885 1269 3967 προστίθησιν
1313 3878 1586 3961 τούτοις
1628 3883 1961 3967 ἐπιλέγων
2007 3881 2156 3968 εξῆς
3308 3896 3377 3949 12

832 4097 909 4153 18
945 4097 1033 4151 Ps.
1071 4100 1152 4161 32,
1189 4098 1222 4153 6
1259 4128 1322 4137 -
1362 4099 1438 4154 14
1477 4098 1564 4152 Ps-
1603 4100 1715 4161 106,
1752 4100 1821 4154 20
1856 4127 1921 4138 —
1960 4098 2035 4155 15
2071 4100 2231 4155 Prov.
2268 4104 2315 4165 1,
2352 4101 2435 4157 28.
2472 4101 2539 4156 29
2576 4130 2641 4140 -
2680 4101 2751 4157 17
2795 4100 2902 4154 Jes.
2939 4102 2987 4166 2,
3024 4100 3056 4154 3
3092 4128 3158 4139 -
3198 4099 3275 4156 18

661 4197 768 4254 Jer.
803 4198 854 4261 8,
887 4199 924 4253 9
955 4226 1024 4239 —-
1059 4198 1139 4254 2⁰
1173 4202 1342 4255 Amos
1376 4203 1425 4267 5,
1461 4200 1529 4256 10
1563 4228 1629 4240 —
1666 4200 1744 4255 22
1783 4199 1970 4255 Mioha
2002 4204 2053 4267 4,
2088 4203 2122 4256 2
2154 4230 2223 4241 —
2259 4200 2336 4257 25
2372 4202 2494 4257 Joh.
2535 4204 2581 4268 1,
2621 4205 2650 4255 1
2688 4232 2754 4241 —
2790 4202 2870 4257 80
2905 4202 3027 4257 Joh.
3066 4206 3113 4267 1,
3155 4204 3183 4257 1

831 4398 912 4455 14
947 4394 979 4453 ὁ
1017 4390 1190 4464 αὐτὸς
1228 4395 1645 4466 »ἐξαπέστειλεν
1682 4442 1696 4457 .
1731 4440 1746 4453 .
1784 4440 1797 4454 .
1833 4402 1933 4456 καὶ
1970 4400 2202 4458 ίάσατοε
2242 4402 2369 4458 and.
2404 4403 2480 4457 St.
2514 4402 2629 4473 vgl.
2668 4402 2829 4466 Lxx,
2868 4398 3038 4468 αὐτὸς
3072 4398 3275 4469 ἐξαπο·

663 4502 891 4555 στελεΐ.
930 4542 942 4555 .
982 4544 992 4554 .
1030 4502 1129 4556 καὶ
1163 4498 1385 4557 ἰάσεται
1420 4502 1470 4555 V
1523 4504 1533 4569 Ι
1588 4502 1666 4557 16
1718 4503 2059 4573 προείλοντο
2096 4503 2175 4556 V²
2216 4522 2269 4559 u.
2306 4503 2430 4559 and.
2470 4504 2546 4558 St.
2600 4504 2611 4573 Ι
2666 4502 2744 4559 19
2798 4508 2902 4559 τοῦ
2936 4513 2999 4561 <
3036 4503 3162 4557 and.
3198 4502 3275 4557 St.

661 4617 713 4654 u.
767 4600 914 4655 Lxx
959 4604 968 4670 Ι
1020 4602 1096 4659 20
1147 4596 1302 4672 ὼσηέ
1352 4600 1413 4657 δὲ
1457 4602 1581 4658 and.
1619 4604 1695 4657 st.
1735 4596 1911 4672 Ἀμὼς
1955 4604 2035 4659 Re
2087 4606 2097 4673 Ι
2159 4598 2265 4674 ἔφη
2310 4604 2436 4659 and.
2489 4602 2567 4658 St.
2620 4605 2629 4673 Ι
2684 4602 2762 4659 22
2818 4600 2885 4661 ἐκ
2936 4598 3093 4659 Σιὼν
3150 4602 3275 4657 and.

663 4701 738 4755 St.
775 4720 827 4759 u.
864 4702 1011 4757 LXX
1063 4705 1072 4773 Ι
1127 4704 1199 4761 27
1242 4698 1297 4758 δ’
1334 4705 1412 4757 V²
1461 4706 1470 4773 Ι
1525 4704 1603 4760 28
1635 4705 1736 4759 καὶ
1771 4706 1895 4759 and.
1934 4706 2009 4760 st.
