3694 5582
1267 507 1462 559 contra
1497 505 1820 562 Marcellum
1860 509 1885 563 I
1923 513 1968 563 1.
2006 511 2053 563 2.
2926 515 2963 574 9

500 673 540 740 2
585 665 848 738 Αὐτίκα
879 663 944 739 δ’
975 660 1101 739 οῦν
1131 676 1258 740 τοῦ
1287 667 1652 759 προφήτου
1684 679 2019 758 Ζαχαρίου
2061 670 2235 742 κατὰ
2280 670 2443 751 τοὺς
2472 676 2593 758 τῆς
2623 666 2963 741 ἐπανόδου
3032 669 3123 730 ὅτι
3168 672 3301 730 οὐδὲ

341 762 619 854 χρόνους
651 773 772 856 τῆς
815 763 951 839 άπὸ
992 777 1400 852 Βαβυλῶνος
1445 777 1825 857 γενομένου,
1871 765 2082 857 Ἰησοῦ
2111 777 2221 844 32*
2264 799 2337 840 τε
2367 769 2961 859 μνημονεύσαντος
3014 741 3317 896 {3234ng

345 872 466 937 τοῦ
491 869 722 951 ἱερέως
752 874 878 938 τοῦ
905 866 1217 955 μεγάλου,
1265 869 1520 958 δηλαδὴ
1570 876 1696 940 τοῦ
1739 874 1892 940 υἱοῦ
1921 866 2231 953 Ἰωσεδέκ,
2281 864 2355 951 ὃς
2400 863 2534 958 ἅμα
2572 868 2955 956 Ζοροβάβελ
3038 877 3265 950 γραφάς

343 972 487 1035 τῶν
528 962 668 1038 άπὸ
713 975 1130 1052 Βαβυλῶνος
1169 968 1710 1040 ἐπανελθόντων
1754 965 2081 1058 ἡγήσατο,
2144 965 2181 1040 6
2226 988 2536 1059 γενναῖος
2581 961 2787 1052 οὗτος
2845 979 2956 1040 καὶ

279 1074 308 1127 5
341 1066 730 1154 θαυμαστὸς
773 1068 1201 1155 συγὶγραφεύς
1245 1064 1435 1138 ταῦτ’
1483 1065 1817 1158 ἀγνοήσας
1851 1077 2126 1158 τίθησιν
2154 1075 2275 1158 μὲν
2306 1074 2433 1140 τοῦ
2467 1076 2798 1157 Ζαχαρίου
2829 1069 2957 1158 τὴν
2995 1081 3072 1136 10

343 1171 522 1251 λέξιν
567 1162 660 1236 δι’
706 1159 784 1255 ἦς
825 1174 1154 1256 μέμνηται
1199 1174 1326 1238 τοῦ
1354 1163 1577 1255 Ἰησοῦ,
1621 1168 1887 1256 μακρὰν
1931 1174 2001 1239 δὲ
2046 1175 2168 1257 τῆς
2199 1173 2496 1254 ἱστορίας
2530 1165 2957 1250 ἀκοντισθεὶς

342 1273 558 1353 λέγειν
601 1262 815 1337 αὐτὸν
843 1263 1220 1354 ὑπείληφεν
1257 1275 1412 1354 περὶ
1439 1264 1647 1355 Ἰησοῦ
1677 1275 1802 1338 τοῦ
1839 1275 2145 1350 Μωσέως
2190 1264 2522 1356 διαδόχου.
2593 1276 2705 1338 καὶ
2748 1264 2957 1338 πάλιν
3024 1283 3059 1334 2

341 1371 464 1437 τοῦ
507 1360 904 1438 ἀποστόλου
947 1364 1345 1456 γράψαντος
1387 1369 1462 1436 ἐν
1505 1374 1591 1454 τῇ
1631 1366 1802 1453 πρὸς
1835 1362 2150 1448 Γαλάτας
2193 1371 2519 1456 ἐπιστολῇ
2550 1373 2805 1439 τοῦτον
2834 1366 2962 1439 τὸν

339 1461 604 1552 τρόπον
639 1463 715 1554 »ἦ
748 1465 890 1536 δὲ’
850 1493 994 1535 ανω
1013 1462 1432 1554 Ἰερουσαλὴμ
1463 1469 1786 1553 ἐλευθέρα
1817 1470 2021 1549 ἐστίν,
2066 1463 2214 1555 ἥτις
2240 1471 2425 1538 ἐστὶν
2452 1465 2674 1556 μήτηρ
2706 1463 2960 1585 ήμῶνι,

249 1573 308 1626 10
339 1560 381 1652 ἢ
423 1561 663 1636 λάθετ’
708 1560 751 1652 ἢ
795 1561 919 1636 οὐκ
963 1565 1240 1655 ἐνοήσεν
1283 1561 1326 1653 ἢ
1369 1572 1480 1634 καὶ
1525 1567 1702 1637 ἓκῶν
1745 1571 2128 1652 διαστρέφει
2170 1565 2299 1636 τὸν
2343 1563 2568 1654 λόγον,
2613 1563 2899 1654 γράφων

461 1669 610 1749 (ΝΟ.
644 1669 706 1751 1)
775 1661 852 1753 »ἦ
899 1671 968 1734 δὲ
1007 1660 1293 1754 ημετέρα
1338 1661 1758 1756 Ἰερουσαλὴμ
1803 1665 1949 1736 ἄνω
1990 1670 2202 1736 ἐστίν·
2246 1693 2419 1753 αυτη
2482 1665 2609 1755 γὰρ
2664 1666 2964 1738 δουλεύει

460 1762 631 1851 μετὰ
678 1773 826 1835 τῶν
873 1771 1139 1835 τέκνων
1182 1762 1448 1855 αυτῆς«

338 1869 446 1931 καὶ
497 1855 696 1945 αὖθις
741 1869 867 1935 τοῦ
910 1869 1220 1953 σωτῆρος
1251 1862 1448 1955 ἡμῶν
1478 1872 1580 1953 τῷ
1606 1871 1851 1954 Πέτρῳ
1885 1861 2237 1955 εἰρηκότος
2282 1860 2532 1953 »ὕπαγε
2562 1859 2783 1980 ὀπίσω
2812 1893 2960 1954 μου,
3030 1885 3065 1938 3

341 1968 617 2043 σατανᾶ,
663 1959 1049 2035 σκάνδαλον
1093 1966 1153 2034 εἰ
1192 1971 1353 2054 ἐμοί,
1397 1959 1506 2036 ὅτι
1548 1995 1629 2036 ου
1659 1982 1935 2051 φρονεῖς
1980 1963 2066 2034 τὰ
2110 1970 2236 2034 τοῦ
2278 1971 2449 2035 θεοῦ
2480 1961 2653 2036 αλλὰ
2684 1964 2769 2034 τὰ
2815 1973 2963 2036 τῶν

248 2077 306 2130 15
339 2057 816 2148 ἀνθρώπων,
879 2059 960 2134 οὗ
1003 2071 1222 2146 συνεὶς
1282 2058 1474 2147 ὅπως
1535 2060 1574 2136 6
1635 2062 1838 2152 λόγος
1900 2069 2131 2152 εἴρητο
2176 2062 2350 2150 πρὸς
2392 2064 2521 2135 τὸν
2564 2061 2963 2136 ἀπόστολον

338 2168 446 2232 καὶ
521 2161 628 2232 διὰ
695 2169 905 2233 ποίαν
968 2169 1220 2248 αἰτίαν,
1283 2163 1455 2252 πρὸς
1517 2164 1642 2235 τὸν
1703 2161 2026 2248 διάβολον
2087 2169 2305 2233 ταῦτα
2367 2168 2682 2250 λελέχθαι
2736 2173 2958 2253 φησίν.

340 2255 510 2349 ὁμοῦ
555 2266 626 2331 δὲ
672 2269 971 2333 τοσαῦτα
1015 2259 1380 2353 σφάλματα
1426 2259 1562 2334 υπὸ
1625 2270 1786 2352 μίαν
1850 2271 2123 2351 τίθησιν
2182 2261 2562 2349 περικοπὴν
2617 2258 2961 2350 αυτολεξεὶ

340 2367 596 2432 τοῦτον
640 2358 930 2450 γράφων
974 2361 1100 2432 τὸν
1145 2360 1410 2450 τρόπον
1727 2379 1740 2390 ’

377 2508 384 2518 -
460 2464 613 2546 (No,
661 2465 722 2550 1)
795 2455 904 2533 ὅτι
948 2458 1145 2533 ουδὲν
1189 2456 1402 2551 ὄνομα
1458 2473 1687 2550 μεῖζον
1733 2458 1946 2584 Ἰησοῦ
2007 2468 2154 2532 τῶν
2206 2466 2313 2532 ἐπὶ
2369 2469 2491 2550 τῆς
2550 2466 2669 2550 γῆς
2722 2455 2964 2551 ὄνομα·

241 2573 305 2627 20
465 2567 790 2632 σθέντων
835 2569 1126 2650 γέγονεν,
1168 2580 1496 2688 μαρτυρεῖ
1534 2567 1657 2650 μὲν
1704 2561 1784 2633 τὸ
1833 2559 2251 2650 ευαγγέλιον,
2296 2564 2467 2631 ἔνθα
2518 2556 2593 2632 »6
2642 2559 2957 2650 ἄγγελοςι

459 2667 552 2748 τῇ
597 2659 874 2749 Μαριὰμ
910 2659 1034 2749 »μὴ
1081 2668 1333 2747 φοβοῦ(
1384 2663 1514 2750 ε’φη
1550 2653 1771 2750 »εὗρες
1801 2660 1928 2750 γὰρ
1968 2658 2166 2748 χάριν
2206 2659 2389 2749 παρὰ
2442 2666 2568 2732 τοῦ
2610 2667 2793 2730 θεοῦ.
2852 2667 2963 2730 καὶ

459 2759 618 2831 ἰδοῦ
646 2758 958 2847 συλλήψῃ
990 2765 1064 2831 ἐν
1093 2768 1324 2851 γαστρὶ
1353 2767 1464 2833 καὶ
1495 2768 1652 2850 τέξῃ
1697 2759 1868 2843 υἱόν,
1912 2771 2023 2832 καὶ
2050 2765 2346 2842 καλέσεις
2390 2760 2473 2832 τὸ
2506 2753 2721 2849 ὄνομα
2752 2756 2963 2831 αὐτοῦ

457 2857 736 2948 Ἰησοῦν.
787 2852 988 2942 οὗτος
1020 2862 1206 2932 ἔσται
1235 2868 1454 2949 μέγας,
1500 2871 1611 2931 καὶ
1641 2862 1787 2942 υἱὸς
1815 2858 2107 2947 ὑψίστου
2134 2858 2617 2951 κληθήσεταιι·
2650 2866 2861 2948 δῆλον
2893 2866 2967 2929 δέ
3030 2882 3067 2934 4

462 2964 654 3031 ἐστιν
693 2966 807 3030 καὶ
849 2956 986 3031 άπὸ
1020 2967 1140 3050 τῆς
1171 2967 1297 3032 τοῦ
1328 2966 1664 3048 Ζαχαρίου
1705 2968 2147 3049 προφητείας,
2193 2958 2403 3031 πάλαι
2448 2968 2600 3047 περὶ
2645 2967 2769 3030 τοῦ
2814 2954 2963 3031 ὀνό-

243 3068 306 3123 25
461 3088 682 3147 ματος
736 3059 990 3130 τούτου
1032 3055 1612 3150 προφητευσάσης,
1663 3063 1977 3145 »ἔδειξενι
2029 3059 2155 3149 γὰρ
2205 3088 2386 3147 »μοιε
2448 3066 2653 3148 φησὶν
2704 3057 2965 3146 »κύριος

459 3156 723 3247 Ἰησοῦν
753 3158 879 3230 τὸν
909 3161 1084 3245 ἱερέα
1118 3158 1242 3230 τὸν
1271 3165 1498 3247 μέγαν,
1527 3159 1794 3229 ἑστῶτα
1823 3157 1958 3247 πρὸ
1988 3158 2369 3247 προσώπου
2398 3154 2684 3247 άγγέλου
2712 3166 2963 3246 κυρίου,

463 3264 578 3329 καὶ
625 3252 663 3328 6
695 3254 1013 3341 διάβολος
1045 3257 1333 3348 εἱστήκει
1363 3262 1436 3328 ἐκ
1466 3263 1711 3343 δεξιῶν
1741 3256 1955 3328 αὐτοῦ
1985 3266 2110 3328 τοῦ
2140 3254 2562 3330 ἀντικεῖσθαι
2590 3255 2796 3347 αὐτῷ.
2858 3265 2966 3328 καὶ

467 3358 656 3429 εἶπεν
693 3356 926 3445 κύριος
953 3357 1128 3445 πρὸς
1159 3358 1284 3430 τὸν
1315 3354 1658 3443 διάβολον·
1705 3354 2086 3445 ἐπιτιμῆσαι
2116 3355 2342 3445 κύριος
2382 3362 2456 3428 ἐν
2488 3365 2591 3428 σοὶ
2638 3354 2675 3428 6
2706 3356 2965 3443 ἐκλεξά-

464 3485 670 3546 μενος
700 3452 1327 3546 τὴνἹερουσαλήμι.
1373 3455 1547 3529 πότε
1577 3456 1701 3545 γὰρ
1733 3454 1920 3545 αὐτῷ
1953 3462 2378 3545 ἑπετίμησεν;
2408 3450 2523 3526 ὅτε
2556 3455 2683 3526 τὸν
2710 3452 2962 3544 άγαπη-
3032 3480 3067 3533 5

245 3564 308 3619 30
465 3562 688 3627 θέντα
729 3551 842 3625 υπ’
889 3552 1102 3627 αυτοῦ
1145 3555 1528 3644 ἄνθρωπον
1571 3564 1675 3646 τῷ
1709 3527 1953 3627 ἑαυτοῦ
1982 3562 2282 3645 συνῆψεν
2311 3554 2514 3644 λόγῳ.
2582 3551 2656 3625 »6
2702 3553 2964 3641 ἐκλεξά-

463 3684 702 3745 μενος(
731 3662 937 3743 φησὶν
961 3655 1129 3744 »τὴν
1146 3652 1624 3745 Ἰερουσαλήμε,
1646 3653 1969 3744 δηλονότι
2000 3656 2257 3743 ταύτην
2285 3656 2415 3744 τὴν
2445 3652 2789 3744 ἡμετέραν,
2809 3661 2964 3742 περὶ

469 3748 549 3845 ἧς
596 3750 634 3826 6
680 3749 1067 3839 άπὸστολος
1113 3763 1286 3845 λέγει
1335 3752 1412 3845 »ἧ
1457 3762 1528 3827 δὲ
1570 3752 1858 3844 ἡμετέρα
1886 3752 2305 3845 Ἰερουσαλὴμ
2350 3755 2497 3824 ἄνω
2543 3758 2751 3825 ἐστίν·
2794 3782 2965 3842 αυτη

467 3855 596 3976 γάρ
629 3853 928 3925 δουλεύει
955 3855 1124 3943 μετὰ
1155 3864 1301 3927 τῶν
1329 3862 1595 3927 τέκνων
1625 3852 1893 3945 αυτῆςι.
1938 3860 2306 3944 τηνικαῦτα
2336 3854 2461 3943 γὰρ
2492 3858 2566 3925 ἐν
2594 3861 2681 3941 τῇ
2708 3851 2962 3942 μεγάλῃ
3033 3875 3067 3929 6

468 3950 644 4041 αυτῇ
671 3950 1110 4045 Ἰερουσαλήμ,
1143 3960 1497 4025 τουτέστιν
1525 3958 1598 4025 ἐν
1627 3962 1714 4043 τῇ
1743 3952 2033 4046 ἡμετέρᾳ
2062 3959 2397 4045 ἐκκλησίᾳ,
2430 3951 2789 4043 γενόμενος
2819 3957 2967 4023 ἐπε-

520 4126 551 4179 1
593 4123 754 4205 Zuach.
780 4125 882 4191 3‚9
917 4154 982 4163 —-
1017 4126 1121 4181 9st
1151 4124 1272 4179 Gal.
1307 4127 1356 4189 4,
1377 4126 1444 4181 26
1494 4154 1562 4163 -
1615 4126 1694 4181 10
1731 4124 1842 4194 vgl.
1880 4124 2083 4179 Homer
2117 4126 2153 4179 I
2181 4126 2279 4181 537
2324 4154 2393 4163 -
2449 4124 2525 4179 18
2561 4123 2761 4177 Matth.
2802 4124 2882 4185 16,
2901 4124 2967 4177 23

341 4256 408 4265 —
449 4226 532 4281 20
570 4226 706 4281 Luk.
746 4229 790 4289 1,
817 4226 1020 4281 30—32
1055 4254 1121 4264 —
1159 4225 1236 4281 25
1271 4225 1432 4280 Zach.
1469 4228 1517 4291 3,
1557 4231 1604 4283 1.
1639 4228 1672 4280 2
1709 4258 1773 4265 -
1813 4228 1894 4283 80
1930 4228 2088 4283 Zach.
2128 4228 2175 4293 3,
2206 4231 2251 4281 1.
2289 4228 2321 4280 2
2355 4255 2422 4264 --
2459 4225 2537 4280 32
2578 4224 2698 4279 Gal.
2718 4226 2767 4291 4,
2794 4226 2874 4280 26.
2902 4226 2967 4279 ‘25

517 4378 552 4433 5
586 4370 954 4449 ὑπογραφεὺς
991 4376 1061 4441 V,
1098 4392 1232 4431 corr.
1254 4378 1326 4432 Kl
1361 4377 1470 4447 vgl.
1491 4376 1743 4447 Regisber
1772 4379 1780 4446 1
1815 4378 1893 4433 10
1930 4370 2141 4433 ἔλαθεν
2159 4377 2239 4428 V*
2264 4374 2527 4443 (ἐλάθετο
2552 4375 2689 4429 v2a.
2710 4376 2796 4443 R),
2833 4392 2969 4430 corr.

346 4476 470 4541 Ga!
509 4477 548 4531 1.
575 4476 944 4549 διέστρεφενὶ)
984 4481 992 4547 Ι
1035 4480 1108 4535 17
1149 4477 1208 4535 δὲ
1244 4482 1330 4547 Η-
1357 4478 1448 4547 τά)
1485 4497 1539 4532 m
1568 4480 1631 4547 δὴ
1654 4480 1701 4532 V
1742 4480 1751 4545 Ι
1806 4486 2043 4534 τοιαῦτα
2080 4478 2145 4546 V,
2182 4494 2318 4533 corr.
2356 4477 2459 4530 We
2498 4479 2507 4544 Ι
2550 4477 2625 4533 19
2673 4472 2781 4547 ὅτι]
2822 4478 2877 4533 τί
2910 4476 2970 4532 δὲ

345 4594 394 4632 a.
429 4578 494 4631 R.
535 4578 614 4632 V²
649 4596 714 4635 w.
751 4596 796 4634 e.
833 4581 944 4634 sch.
985 4582 993 4648 Ι
1043 4580 1120 4636 25
1158 4574 1365 4647 ἔδειξεν
1399 4598 1457 4633 m
1491 4574 1679 4647 ἔλεξεν
1715 4582 1764 4635 V
1811 4583 1820 4648 Ι
1871 4580 1949 4636 28
1988 4582 2095 4649 σοὶ]
2136 4586 2199 4645 4-
2236 4577 2479 4651 διάβολε,
2515 4580 2615 4633 καὶ
2648 4574 2970 4650 ἐπιτίμησαι

343 4677 548 4753 κύριος
581 4676 642 4735 ἐν
679 4684 771 4735 σοὶ
807 4680 982 4747 LXX3
1018 4682 1478 4736 einznschieben‘?
1508 4683 1516 4746 1
1549 4681 1626 4737 84
1664 4682 1700 4735 l.
1736 4680 1952 4750 ταύτῃῗ
