3694 5582
606 474 721 536 128
1779 463 2047 522 Eusebius

599 627 874 703 αύτοῦι.
959 627 1133 704 ἀλλὰ
1196 627 1321 719 γὰρ
1386 627 1662 700 τούτων
1725 625 2066 701 ἀπάντων
2108 635 2335 716 σιωπῇ
2378 633 2733 716 παρέδωκε
2775 629 2937 711 τούς
2980 627 3225 718 λόγους
3259 641 3293 694 5

603 737 857 822 Μωσῆς
908 738 1150 817 καίπερ
1202 726 1330 801 ούκ
1389 721 1495 798 ὢν
1557 725 1791 801 αὐτῶν
1850 734 1927 800 ἐν
1986 725 2251 820 ἀγνοίᾳ,
2314 725 2605 800 πάντων
2666 735 2737 800 δὲ
2796 729 2927 819 τὴν
2984 727 3223 820 ἀκριβῆ

601 839 858 920 γνῶσιν
899 831 1340 919 προειληφώς
1386 835 1488 918 τῷ
1535 835 1706 918 θείῳ
1751 827 2109 918 πνεύματι·
2150 827 2335 917 πλὴν
2380 826 2693 917 οὐδαμῶς
2744 825 2981 902 αύτῶν
3022 834 3095 902 ἐν
3138 838 3225 919 τῇ

600 939 1014 1022 κοσμοποιίᾳ
1077 927 1174 1012 ῶς
1234 926 1408 1017 πρὸς
1470 935 1597 1000 τοῦ
1653 935 1824 1000 θεοῦ
1884 934 2273 1018 γενομένων
2332 926 2700 1018 ἐποιήσατο
2744 927 3029 1020 μνήμην.
3111 937 3224 1002 καὶ
3260 943 3295 998 6

534 1040 567 1093 5
602 1029 860 1102 τούτου
901 1029 1031 1120 τὴν
1087 1033 1313 1101 αἰτίαν
1364 1024 1508 1099 οὐδ’
1553 1028 1789 1116 ἑτέραν
1843 1031 2021 1100 εἴποι
2084 1027 2169 1100 ἄν
2230 1055 2335 1110 τις
2392 1023 2437 1117 ἢ
2498 1028 2629 1118 τὴν
2690 1035 3227 1118 σκληροκαρδίαν

574 1129 730 1203 'tofi
775 1137 946 1228 λαοῦ
989 1136 1408 1219 γεγενῆσθαι,
1455 1123 1685 1215 ῶσπερ
1730 1119 1856 1199 οὖν
1900 1124 2105 1210 αύτὸς
2148 1131 2449 1212 ἐδίδαξεν
2490 1124 2528 1199 0‘
2574 1127 2827 1219 σωτήρ.
2896 1136 3008 1199 καὶ
3052 1127 3228 1201 ἄλλα

603 1237 674 1302 δὲ
709 1237 918 1320 ’μυρία
960 1231 1132 1302 εἶναι
1187 1233 1261 1301 ἐν
1315 1235 1402 1317 τῇ
1455 1234 1582 1298 τοῦ
1637 1225 1901 1311 παντὸς
1954 1224 2270 1298 συστάσει
2318 1223 2571 1314 μάθοις
2613 1225 2700 1300 ἂν
2760 1233 2833 1299 ἐκ
2896 1235 3042 1300 τῶν
3104 1235 3228 1318 τῆς

601 1335 840 1418 καινῆς
882 1327 1216 1420 διαθήκης
1257 1324 1820 1417 ἀναγνωσμάτων
1877 1323 2019 1399 οὐδ’
2067 1320 2246 1410 ὅλως
2288 1331 2364 1398 ἐν
2408 1335 2494 1416 τῇ
2538 1333 2845 1412 Μωσέως
2891 1326 3230 1418 φερόμενα

604 1436 856 1518 γραφῇ·
929 1425 1056 1500 ούκ
1111 1422 1237 1501 οὖν
1288 1424 1785 1518 ἐμνημόνευσεν
1827 1423 2061 1515 ἀρχῶν
2102 1423 2247 1498 οὐδ’
2288 1431 2617 1514 ἐξουσιῶν
2660 1424 2815 1499 οὐδὲ
2856 1453 3228 1518 κοσμοκρά-

503 1536 572 1592 10
605 1525 840 1617 τόρων
879 1526 1037 1600 οὐδὲ
1077 1534 1565 1617 πνευματικῶν
1623 1532 1782 1616 »τῆς
1823 1533 2225 1616 πονηρίαςι,
2286 1525 2461 1616 πρὸς
2517 1525 2561 1598 ἃ
2613 1526 2746 1617 τὴν
2796 1523 3025 1616 πάλην
3067 1524 3226 1617 ἡμῖν

605 1625 1009 1700 συνεστάναι
1053 1633 1256 1716 φησὶν
1299 1621 1340 1698 ό
1382 1638 1572 1708 θεῖος
1616 1623 2019 1709 ἀπόστολος.
2091 1632 2158 1697 τί
2201 1619 2357 1710 οῦν;
2398 1631 2545 1698 ἐπεὶ
2580 1624 2750 1717 μήτε
2778 1626 2964 1716 παρὰ
2992 1635 3231 1698 Μωσεῖ
3260 1645 3293 1699 7

604 1726 772 1818 μήτε
825 1727 1011 1816 παρὰ
1066 1745 1211 1810 τοῖς
1262 1739 1532 1809 λοιποῖς
1583 1724 1976 1815 προφήταις
2027 1733 2267 1814 σαφῶς
2325 1731 2513 1797 ἐστιν
2572 1723 2793 1817 εὑρεῖν
2854 1726 3015 1809 τούς
3072 1732 3227 1816 περὶ

609 1826 888 1900 τούτων
932 1825 1194 1917 λόγους,
1237 1823 1659 1916 ἀπιστητέον
1703 1832 1804 1915 τῷ
1852 1821 2255 1912 ἀποστόλῳ;
2296 1820 2343 1915 ἦ
2370 1827 2647 1899 ἐπειδὰν
2678 1832 2805 1899 τοῦ
2834 1833 2982 1898 τῶν
3009 1853 3229 1915 κρειτ-

607 1924 841 1999 τόνων
882 1923 1226 2018 τάγματος
1279 1921 1318 1998 ό
1361 1922 1570 2009 αὐτὸς
1613 1923 1823 1998 πάλιν
1874 1923 2263 2016 μνημονεύῃ
2314 1931 2535 2013 λέγων
2586 1925 2714 1998 τὸν
2758 1925 3061 2014 Χριστὸν
3117 1930 3228 1998 »ἐν

507 2043 572 2095 15
609 2032 825 2120 δεξιᾷ(
877 2033 1003 2098 τοῦ
1043 2033 1214 2099 θεοῦ
1252 2033 1664 2113 καθέζεσθαι
1711 2021 2067 2110 »ὑπεράνω
2112 2021 2330 2113 πάσης
2374 2021 2579 2115 ἀρχῆς
2620 2033 2735 2097 καὶ
2776 2029 3076 2110 ἐξουσίας
3116 2031 3228 2096 καὶ

609 2125 958 2216 δυνάμεως
1029 2131 1140 2196 καὶ
1209 2121 1616 2215 κυριότητος
1675 2130 1788 2194 καὶ
1845 2123 2112 2206 παντὸς
2178 2119 2517 2213 ὀνόματος
2579 2119 3083 2216 ὀνομαζομένου
3142 2121 3225 2196 ού

607 2223 826 2315 μόνον
869 2230 944 2297 ἐν
989 2231 1091 2315 τῷ
1139 2229 1340 2296 αἰῶνι
1401 2224 1631 2315 τούτῳ
1695 2221 1871 2296 ἀλλὰ
1930 2231 2041 2294 καὶ
2100 2229 2176 2295 ἐν
2237 2231 2340 2314 τῷ
2400 2231 2789 2314 μέλλοντα,
2850 2233 2963 2298 καὶ
3025 2217 3225 2308 αὖθις
3256 2241 3293 2297 8

609 2323 885 2398 ἐπειδὰν
945 2320 1242 2414 ὀνομάζῃ
1299 2319 1600 2413 θρόνους
1660 2331 1773 2396 καὶ
1833 2320 2246 2414 κυριότητας
2302 2331 2411 2395 καὶ
2474 2320 2681 2414 ἀρχὰς
2750 2331 2861 2396 καὶ
2922 2329 3225 2412 ἐξουσίας

609 2432 832 2516 λέγων
899 2430 1008 2497 »ἐν
1059 2421 1249 2515 αύτῷ
1295 2423 1422 2514 γὰρ
1466 2430 1747 2514 ἐκτίσθη
1792 2423 1879 2494 τὰ
1921 2420 2151 2496 πάντα
2196 2422 2282 2496 τὰ
2324 2427 2399 2494 ἐν
2441 2443 2587 2506 τοῖς
2630 2420 2944 2515 οὐρανοῖς
2986 2430 3097 2495 καὶ
3138 2423 3226 2495 τά

506 2540 574 2596 20
608 2529 712 2595 ἐπὶ
759 2529 886 2613 τῆς
927 2530 1074 2614 γῆς,
1135 2523 1224 2595 τὰ
1268 2519 1486 2612 ὁρατὰ
1527 2531 1640 2596 καὶ
1683 2522 1770 2594 τὰ
1831 2520 2118 2612 ἀόρατα,
2182 2526 2318 2594 εἴτε
2359 2521 2610 2612 θρόνοι
2654 2527 2789 2595 εἴτε
2830 2521 3227 2613 κυριότητες

607 2627 744 2695 εἴτε
797 2621 992 2712 ἀρχαὶ
1045 2627 1180 2694 εἴτε
1230 2628 1589 2710 ἐξουσίαιι,
1653 2615 1755 2709 ἆρ’
1817 2619 1902 2694 ού
1941 2620 2269 2711 προσήκει
2310 2629 2531 2694 ταῦτα
2572 2629 3071 2712 παραδέχεσθαι
3114 2622 3223 2694 διὰ

609 2721 691 2795 τὸ
734 2720 904 2812 μήτε
946 2729 1200 2795 Μωσέα
1243 2719 1414 2813 μήτε
1458 2722 1622 2805 τοὺς
1665 2721 1948 2805 λοιποὺς
1991 2719 2357 2811 προφήτας
2400 2729 2551 2809 περὶ
2595 2721 2869 2796 τούτων
2910 2734 3226 2811 προειλη-

609 2828 838 2911 φέναι,·
879 2819 924 2912 ἢ
964 2820 1222 2895 ταύτὸν
1261 2830 1374 2893 καὶ
1416 2830 1569 2909 περὶ
1614 2821 1887 2893 τούτων
1930 2827 2229 2912 ἐροῦμεν,
2276 2820 2371 2907 ῶς
2418 2819 2538 2911 ούχ
2582 2823 2716 2893 οἶοί
2758 2851 2837 2893 τε
2866 2814 3037 2912 ἦσαν
3064 2822 3226 2907 τούς

607 2930 762 3011 περὶ
805 2922 1082 2996 τούτων
1123 2920 1561 2994 πιστεύεσθαι
1603 2918 1849 3009 λόγους
1892 2925 1958 2995 οἱ
1992 2920 2612 3011 »σκληροτράχηλοι
2638 2929 2749 2992 καὶ
2782 2918 3227 3013 ἀπερίτμητοι

507 3034 576 3089 25
611 3030 695 3111 τῇ
737 3027 977 3114 καρδίᾳ
1019 3029 1133 3095 καὶ
1175 3041 1322 3105 τοῖς
1367 3019 1610 3107 ῶσίν«;
1651 3022 1754 3105 οἶς
1797 3018 1955 3093 οῦδὲ
1996 3029 2150 3109 περὶ
2190 3028 2313 3111 τῆς
2342 3020 2491 3093 ἄνω
2514 3018 2949 3112 Ἱεζρουσαλὴμ
2991 3018 3227 3094 ἀνεκά-
3266 3038 3387 3097 186

611 3132 877 3195 λυπτον
939 3126 1005 3193 οἱ
1066 3128 1192 3194 τοῦ
1249 3128 1422 3193 θεοῦ
1479 3127 1861 3211 προφῆται,
1924 3117 2155 3209 ῶσπερ
2216 3114 2340 3193 οὖν
2400 3128 2487 3210 τῇ
2550 3126 2865 3212 ἐκκλησίᾳ
2928 3126 3229 3210 Χριστοῦ

611 3227 966 3308 διασαφῶν
1007 3228 1120 3292 καὶ
1165 3221 1327 3304 τούς
1367 3228 1520 3307 περὶ
1565 3220 1818 3309 ταύτης
1863 3219 2112 3310 λόγους
2156 3216 2195 3291 ὁ
2238 3226 2511 3304 Παῦλος
2552 3220 2712 3308 ἐβόα
2768 3228 2988 3309 λέγων
3035 3218 3111 3311 »ἦ
3156 3227 3229 3293 δὲ

610 3319 757 3392 ἄνω
801 3314 1220 3411 Ἰερουσαλὴμ
1263 3324 1588 3410 ἐλευθέρα
1631 3324 1833 3405 ἐστίν,
1880 3317 2031 3410 ἥτις
2076 3324 2260 3391 ἐστὶν
2287 3318 2510 3410 μήτηρ
2538 3317 2793 3411 ἧμῶνι»
2834 3327 2948 3390 καὶ
2988 3344 3229 3410 »προσ-

613 3418 994 3508 εληλύθατε
1037 3422 1232 3491 Σιῶν
1277 3412 1420 3505 ὄρει
1461 3427 1571 3490 καὶ
1616 3416 1814 3492 πόλει
1845 3428 2019 3493 θεοῦ
2048 3426 2330 3507 ζῶντος,
2372 3416 2791 3511 Ἰερουσαλὴμ
2820 3425 3227 3511 ἐπουρανίῳ,

511 3534 579 3589 30
609 3526 721 3587 καὶ
762 3518 1070 3607 μυριάσιν
1122 3516 1457 3609 ἀγγέλων,
1519 3518 1888 3608 πανηγύρει
1948 3526 2059 3590 καὶ
2101 3525 2417 3611 ἐκκλησίᾳ
2458 3518 2944 3610 πρωτοτόκων
2990 3516 3230 3610 ἀπογε-

611 3624 1014 3707 γραμμένων
1057 3623 1132 3691 ἐν
1177 3616 1549 3707 ούρανοῖςι.
1635 3625 1891 3707 λεγέτω
1935 3617 2109 3706 πρὸς
2152 3626 2370 3691 ταῦτα
2414 3617 2828 3706 Μάρκελλος,
2872 3626 2931 3691 εἰ
2974 3616 3116 3703 οἷός
3153 3626 3235 3691 τέ
3262 3638 3299 3695 9

611 3722 797 3789 ἐστιν
837 3722 912 3789 ἐκ
955 3725 1104 3789 τῶν
1145 3725 1466 3790 παλαιῶν
1507 3714 1926 3806 γραμμάτων
1980 3717 2108 3807 τὴν
2159 3717 2435 3790 τούτων
2492 3725 2862 3807 προφέρειν
2922 3725 3229 3792 διδασκα-

613 3824 784 3889 λίαν.
867 3824 922 3889 sl
965 3822 1038 3888 δὲ
1077 3818 1169 3907 μὴ
1211 3814 1523 3907 εύρίσκοι,
1568 3817 1703 3905 τὴν
1747 3819 1969 3889 αἰτίαν
2013 3814 2407 3890 ἀποδιδότω
2451 3813 2536 3889 δι’
2582 3816 2667 3908 ἣν
2701 3816 3087 3907 σεσιώπητο
3116 3824 3230 3893 72’
3266 3838 3336 3893 10

613 3936 762 4000 τοῖς
803 3924 930 3988 τοῦ
972 3924 1140 3987 θεοῦ
1181 3913 1574 4005 προφήταις
1619 3913 1835 3986 ταῦτά
1882 3944 1955 3987 τε
1996 3914 2228 3989 πάντα
2269 3924 2383 3987 καὶ
2434 3916 2609 3990 ἄλλα
2652 3916 2928 3999 τούτοις
2972 3913 3229 4005 ἀδελφὰ

511 4031 580 4086 35
613 4023 831 4107 μυρία,
874 4022 1030 4106 περὶ
1076 4006 1180 4085 ῶν
1224 4012 1262 4086 o‘
1307 4011 1512 4096 αύτός
1557 4012 1945 4097 ἀπόστολος
1987 4012 2157 4106 ὑπὲρ
2202 4011 2396 4107 ἡμῶν
2432 4020 2649 4089 ἐδεῖτο
2692 4024 2819 4087 τοῦ
2848 4024 3035 4103 θεοῦ,
3084 4020 3231 4088 »ἵνα

783 4184 864 4241 51
893 4185 1092 4240 Matth.
1131 4188 1212 4247 19,
1247 4186 1296 4241 8.
1355 4184 1532 4239 Mam-k.
1573 4186 1652 4251 10,
1688 4188 1720 4239 5
1756 4215 1821 4225 —
1865 4185 1961 4241 9st
2000 4184 2137 4255 Eph.
2174 4186 2223 4253 6,
2262 4186 2326 4239 12
2360 4214 2428 4224 —
2467 4186 2543 4243 14
2574 4186 2713 4258 Eph.
2750 4190 2797 4253 1,
2832 4188 2913 4244 20.
2948 4188 3014 4241 21
3050 4216 3118 4225 —
3156 4186 3233 4243 19

615 4287 738 4342 Kol.
793 4290 840 4355 1,
894 4290 960 4342 16
1009 4316 1076 4326 -
1130 4286 1211 4342 24
1265 4289 1385 4341 Act.
1424 4288 1471 4349 7,
1507 4288 1570 4341 51
1626 4315 1694 4325 —
1747 4288 1824 4343 27
1883 4286 2003 4341 Gal.
2039 4291 2088 4354 4,
2126 4287 2193 4342 26
2242 4315 2310 4326 —
2366 4286 2439 4343 28
2490 4286 2654 4342 Hebr.
2691 4288 2774 4355 12,
2810 4289 2891 4344 22.
2928 4288 2994 4344 23
3036 4318 3106 4327 -
3156 4288 3233 4344 85

613 4387 751 4459 Eph.
788 4391 836 4457 3,
871 4387 952 4442 18.
990 4389 1056 4442 19

783 4538 825 4593 9
859 4534 1068 4593 οὐκοῦν
1105 4536 1156 4591 V
1220 4538 1230 4603 Ι
1297 4538 1368 4594 11
1409 4540 1550 4607 μήτε
1585 4558 1642 4594 m
1677 4538 1818 4609 μηδὲ
1854 4539 1935 4593 V*
2000 4542 2007 4608 Ι
2080 4540 2154 4596 19
2192 4536 2255 4595 ἐν
2290 4536 2441 4610 αὐτῷ
2479 4536 2609 4611 γὰρ]
2650 4533 2739 4594 ὃτι
2774 4538 2837 4595 ἐν
2870 4536 3023 4611 αὐτῷ
3056 4538 3153 4593 ΝΤ
3225 4540 3233 4608 Ι

618 4640 696 4695 22
733 4638 1174 4713 προειρηκέναιῖ
1209 4638 1374 4695 Loofs
