3694 5582
1207 519 1276 573 de
1311 519 1680 574 ecclesiastica
1711 521 1999 591 theologia.
2034 521 2084 573 11
2120 520 2201 572 14.
2892 525 3007 586 117

394 682 770 770 συμπαρών
813 677 1003 772 αὐτῷ
1064 679 1164 754 αἐὶ
1225 688 1337 754 καὶ
1379 679 1714 755 πάντοτε·
1789 676 1826 753 ὃ
1884 681 1963 772 δὴ
2007 690 2117 754 καὶ
2161 688 2459 771 παρίστη
2503 687 2726 770 λέγων
2781 685 2927 751 »καὶ
2972 674 3011 751 6
3047 697 3113 749 15

396 777 600 869 λόγος
642 772 730 871 ἦν
770 781 944 870 πρὸς
988 779 1114 854 τὸν
1155 778 1385 853 θεόνι.
1472 787 1615 854 ἐπεὶ
1676 789 1748 855 δὲ
1806 788 2011 872 ἐχρῆν
2072 778 2240 872 ἡμᾶς
2300 787 2558 870 γνῶναι
2607 789 2719 853 καὶ
2764 775 3013 852 ὁποίου

393 877 693 971 ύπῆρχεν
737 878 1148 970 ἀξιώματος,
1212 876 1599 970 ἀναγκαίως
1663 889 1966 972 συνῆψεν
2010 880 2091 953 τὸ
2142 887 2287 953 »καὶ
2327 880 2491 964 θεὸς
2534 872 2621 970 ἦν
2666 876 2705 950 6
2751 877 3014 969 λόγοςε.

393 988 547 1065 πῶς
591 980 718 1070 γὰρ
762 977 886 1052 οῦκ
929 983 1205 1070 ἔμελλεν
1247 981 1408 1065 θεὸς
1455 984 1622 1054 εἶναι
1665 976 1704 1054 6
1749 987 1822 1053 ἐκ
1871 987 1994 1055 τοῦ
2038 979 2190 1062 ἑνὸς
2234 987 2350 1052 καὶ
2384 979 2628 1091 μόνου
2633 975 3021 1076 άγεννήτου.

323 1097 360 1150 5
395 1087 566 1153 θεοῦ
609 1088 991 1170 γεννηθείς
1051 1085 1108 1152 εί
1152 1080 1277 1170 γὰρ
1323 1082 1406 1155 τὸ
1458 1086 1986 1171 »γεγεννημένον
2028 1085 2102 1152 ἐκ
2145 1086 2268 1170 τῆς
2312 1078 2560 1170 σαρκὸς
2593 1066 2767 1169 σάρξ
2810 1077 3011 1161 ἐστιν,

393 1189 506 1252 καὶ
551 1179 634 1252 τὸ
682 1186 1166 1270 γεγεννημένον
1195 1184 1271 1252 ἐκ
1315 1187 1442 1253 τοῦ
1488 1181 1875 1272 πνεύματος
1918 1178 2180 1270 πνεῦμά
2223 1184 2441 1252 ἑστινε
2491 1179 2667 1252 κατὰ
2713 1178 2841 1268 τὴν
2884 1201 3013 1250 σω-

395 1278 634 1370 τήριον
695 1285 1157 1364 διδασκαλίαν,
1221 1278 1630 1374 ἀκολούθως
1689 1288 1801 1352 καὶ
1861 1279 1945 1352 τὸ
2005 1287 2494 1370 γεγεννημένον
2546 1284 2621 1351 ἐκ
2671 1285 2799 1352 τοῦ
2840 1285 3010 1350 θεοῦ

393 1380 559 1462 θεὸς
619 1409 705 1450 αν
765 1384 881 1469 εἴη.
968 1378 1074 1452 διὸ
1133 1388 1246 1452 καὶ
1306 1378 1506 1464 »θεὸς
1550 1373 1636 1471 ἦν
1688 1377 1726 1453 6
1791 1378 2060 1469 λόγοςι·
2131 1388 2243 1451 καὶ
2293 1379 2458 1464 θεὸς
2500 1376 2857 1469 ποιητικὸς
2897 1385 3010 1449 καὶ
3044 1393 3111 1447 16

394 1477 865 1570 δημιουργικὸς
908 1475 1219 1552 πάντων.
1306 1472 1343 1550 ὃ
1411 1479 1492 1570 δὴ
1553 1488 1666 1552 καὶ
1725 1478 1897 1553 αὐτὸ
1960 1486 2377 1570 παρέστησεν
2437 1475 2477 1552 ὁ
2538 1476 3011 1568 εῦαγγελιστὴς

289 1592 360 1648 10
392 1579 547 1670 ἑξῆς
597 1577 680 1650 τὸ
740 1575 1004 1652 »πάντα
1047 1575 1138 1650 δι’
1185 1575 1400 1652 αύτοῦ
1440 1584 1744 1670 ἐγένετο(
1803 1577 2237 1666 ἐπισυνάψας.
2322 1575 2360 1650 ὁ
2420 1586 2544 1668 μὲν
2602 1571 2727 1652 οὖν
2777 1583 3013 1650 παιδα-

394 1677 618 1769 γωγὸς
661 1674 870 1768 νόμος
913 1679 1023 1750 διὰ
1069 1685 1375 1763 Μωσέως
1437 1686 1510 1752 ἐν
1553 1687 1640 1769 τῇ
1690 1687 2099 1772 κοσμοποιίᾳ
2154 1678 2286 1751 τὸν
2335 1678 2504 1750 θεὸν
2546 1677 2845 1768 ποιητὴν
2888 1683 3015 1748 τοῦ

393 1777 656 1862 παντὸς
715 1776 1008 1868 εἰσάγων
1075 1776 1372 1868 στοιχεῖά
1431 1807 1508 1850 τε
1566 1786 1679 1850 καὶ
1740 1779 2106 1869 εἰσαγωγὰς
2164 1788 2545 1865 θεοσεβείας
2602 1775 3013 1866 παραδιδοὺς

393 1882 756 1964 ἐδίδασκεν,
801 1883 1024 1968 λέγων
1089 1882 1200 1950 »ἐν
1243 1873 1413 1968 ἀρχῇ
1473 1883 1851 2002 ἐποίησεν
1843 1874 1883 1950 6
1944 1877 2109 1962 θεὸς
2169 1877 2297 1950 τὸν
2355 1875 2653 1967 οὐρανὸν
2712 1883 2823 1949 καὶ
2884 1876 3015 1964 τὴν

393 1982 556 2066 γῆν(
604 1985 716 2049 καὶ
761 1976 848 2049 τὰ
893 1976 1170 2060 τούτοις
1229 1979 1408 2067 ἑξῆς,
1471 1974 1560 2049 δι’
1616 2006 1718 2049 ων
1779 1977 1907 2050 τὸν
1947 1974 2289 2050 Ἰουδαίων
2338 1984 2798 2067 παιδαγωγῶν
2844 1974 3014 2047 λαὸν
3046 1991 3111 2044 17

289 2097 356 2151 15
393 2077 686 2166 γενητὸν
730 2079 900 2149 εἶναι
943 2077 1072 2148 τὸν
1111 2073 1373 2164 κόσμον
1415 2073 1723 2168 ἡγεῖσθαι
1765 2076 2080 2167 παρῄνει,
2142 2076 2315 2166 πρὸς
2359 2076 2440 2148 τὸ
2483 2078 2573 2167 μὴ
2618 2076 2748 2168 τὴν
2788 2083 3015 2148 κτίσιν

399 2177 619 2267 »παρὰ
662 2176 790 2249 τὸν
830 2185 1194 2249 κτίσαντας
1245 2183 1476 2261 σέβειν.
1548 2205 1740 2260 οπως
1786 2183 1859 2250 δὲ
1903 2171 1942 2249 6
1986 2176 2150 2259 θεὸς
2192 2183 2303 2248 καὶ
2347 2175 2455 2248 διὰ
2500 2184 2689 2259 τίνος
2734 2174 2821 2247 τὰ
2859 2174 3011 2264 σύμ-
3046 2191 3113 2245 18

391 2306 622 2349 παντα
664 2275 1101 2367 ἐδημιούργει,
1143 2282 1258 2350 68*
1315 2271 1542 2348 ούκέτι
1585 2283 1840 2368 Μωσῆς
1882 2297 2029 2361 τοῖς
2070 2271 2187 2348 ὑπ’
2220 2274 2432 2347 αὐτὸν
2460 2279 2840 2361 παρεδίδου,
2889 2269 3005 2362 »ἧι

393 2383 466 2449 δὲ
531 2373 754 2465 »χάρις
809 2383 922 2448 καὶ
983 2373 1024 2465 ἦ
1080 2373 1369 2466 ἀλήθεια
1428 2373 1536 2448 διὰ
1576 2369 1786 2466 Ἰησοῦ
1833 2383 2169 2466 Χριστοῦ(
2236 2376 2319 2448 τὸ
2382 2380 2849 2496 σεσιγημένου·
2874 2370 3009 2444 ῦπὸ

395 2483 703 2559 Μωσέως
744 2472 1118 2566 μυστήριον
1162 2472 1708 2568 εὖαγγελιςομένη
1761 2483 2163 2565 καινοτέρας
2220 2484 2335 2548 καὶ
2378 2480 2702 2566 μυστικῆς
2762 2479 2849 2563 τῇ
2905 2478 3011 2545 ἐκ·

289 2585 636 2668 2Οκλησίᾳ
679 2580 806 2648 τοῦ
847 2580 1020 2648 θεοῦ
1068 2580 1362 2665 κατῆρξε
1405 2580 1865 2659 διδασκαλίας,
1928 2605 2251 2665 αντικρυς
2295 2593 2440 2658 τοῖς
2482 2581 2691 2647 πᾶσιν
2734 2579 2828 2656 εἰς
2872 2570 3009 2658 ἐξά-

378 2699 688 2749 κουστον
745 2682 976 2761 βοῶσα
1038 2673 1120 2746 τὸ
1187 2676 1298 2744 »ἐν
1341 2671 1511 2763 άρχῇ
1554 2666 1640 2763 ἦν
1682 2669 1722 2745 6
1767 2673 1997 2764 λόγος,
2052 2682 2165 2746 καὶ
2208 2670 2248 2746 6
2294 2670 2493 2764 λόγος
2536 2666 2623 2764 ἦν
2663 2673 2838 2762 πρὸς
2880 2671 3010 2744 τὸν

389 2771 587 2860 θεόν,
641 2781 752 2847 καὶ
794 2773 961 2859 θεὸς
1003 2766 1091 2865 ἦν
1135 2769 1173 2847 6
1218 2771 1494 2864 λόγοςε,
1546 2781 1656 2846 καὶ
1699 2773 1782 2848 τὸ
1833 2771 2099 2847 »πάντα
2144 2769 2235 2848 δι>
2281 2770 2494 2848 αυτοῦ
2535 2778 2835 2862 ἐγένετο,
2894 2778 3006 2843 καὶ

389 2882 598 2966 χωρὶς
659 2872 876 2947 αὐτοῦ
933 2878 1200 2963 ἐγένετο
1262 2872 1420 2948 οὔδε
1481 2904 1622 2959 ενι,
1693 2882 1805 2947 καὶ
1866 2878 1967 2945 ετι
2030 2873 2307 2959 τούτοις
2366 2884 2743 2963 προσθεῖσα
2786 2872 2869 2945 τὸ
2930 2902 3005 2944 »ο
3042 2886 3107 2941 19

390 2980 666 3066 γέγονεν
710 2981 785 3048 ἐν
826 2970 1017 3065 αύτῷ
1039 2974 1204 3097 fem)
1249 2966 1354 3065 ἦν,
1421 2980 1432 3063 Ι
1495 2982 1607 3046 καὶ
1651 2971 1694 3065 ἧ
1747 2974 1887 3064 ζωὴ
1934 2967 2019 3064 ἦν
2064 2974 2145 3047 τὸ
2192 2982 2344 3061 φῶς
2396 3003 2545 3047 των
2588 2969 3007 3097 άνθροόπωτι.
3048 2986 3166 3042 124

289 3094 354 3149 25
389 3082 504 3147 καὶ
547 3076 630 3147 τὸ
676 3080 826 3163 φῶς
869 3079 943 3146 ἐν
987 3082 1072 3163 τῇ
1116 3082 1356 3147 σκοτία
1399 3082 1692 3162 φαίνειι,
1735 3082 1851 3145 καὶ
1893 3074 1981 3145 τὰ
2024 3072 2299 3157 τούτοις
2352 3070 2723 3157 ἀκόλουθα,
2769 3069 2858 3145 δι’
2906 3102 3008 3143 ων

395 3175 517 3249 τὸν
557 3176 710 3247 υἱὸν
754 3180 882 3247 τοῦ
925 3178 1096 3246 θεοῦ
1136 3181 1246 3245 καὶ
1280 3204 1366 3247 τα
1395 3178 1702 3264 ἐξαίρετα
1745 3180 1875 3245 τοῦ
1917 3182 2113 3247 θείου
2142 3172 2377 3261 φωτὸς
2418 3179 2532 3244 καὶ
2563 3178 2685 3263 τῆς
2714 3176 2787 3244 ἐν
2817 3168 3005 3263 αύτῷ

391 3281 598 3365 ζωῆς,
659 3269 848 3357 ὅπως
908 3302 985 3346 τε
1045 3270 1138 3347 δι’
1201 3270 1416 3345 αὐτοῦ
1466 3274 1555 3345 τὰ
1595 3270 1730 3345 ὖπὸ
1776 3280 2083 3356 Μωσέως
2139 3276 2449 3363 εἰρημένα
2491 3269 2721 3344 πάντα
2762 3278 2874 3343 καὶ
2922 3271 3007 3342 τὰ

391 3378 492 3446 ἔτι
535 3371 814 3445 τούτων
855 3377 1166 3445 ἐπέκεινα
1215 3379 1526 3462 συνέστη,
1587 3371 1903 3445 παιδεύει.
1990 3369 2167 3445 ἀλλὰ
2227 3369 2502 3444 τούτων
2562 3368 2759 3443 οῦδὲν
2820 3368 3007 3460 Μάρ-

389 3483 630 3556 κελλος
689 3474 887 3555 είδώς
946 3479 1120 3545 ποτὲ
1171 3478 1292 3563 μὲν
1352 3467 1732 3559 Ἰουδαΐζων
1789 3479 1965 3544 ποτὲ
2025 3477 2098 3543 δὲ
2142 3478 2579 3557 Σαβελλίζων
2638 3464 3002 3555 αλίσκεται,

291 3590 358 3645 30
389 3570 566 3645 κατὰ
611 3578 735 3662 μὲν
779 3571 904 3643 τὸν
949 3568 1267 3645 Ἰουδαῖον
1326 3570 1462 3659 πρὸ
1520 3577 1642 3661 τῆς
1688 3578 1812 3643 τοῦ
1855 3567 2112 3661 κόσμου
2154 3566 2532 3651 συστάσεως
2584 3574 2791 3659 μηδὲν
2835 3570 3005 3641 εἶναι
3037 3584 3107 3639 20
3148 3565 3259 3624 ὅ*

390 3670 678 3761 φάσκων
720 3670 905 3762 πλὴν
948 3677 1075 3743 τοῦ
1116 3676 1286 3743 θεοῦ
1326 3668 1568 3761 μόνου,
1614 3676 1771 3759 (τῆς
1813 3676 2195 3761 ἐκκλησίας)
2238 3668 2373 3758 πρὸ
2419 3674 2542 3759 τῆς
2584 3674 2709 3740 τοῦ
2750 3667 3006 3768 κόσμου
3134 3662 3319 3761 ij,

390 3769 776 3855 συστάσεως
819 3770 945 3843 τὸν
987 3777 1250 3858 πατέρα
1292 3773 1464 3843 εἶναι
1507 3780 1620 3842 καὶ
1663 3770 1790 3841 τὸν
1831 3769 1983 3842 υἱὸν
2026 3764 2504 3859 ὁμολογούσης,
2547 3767 2725 3840 κατὰ
2768 3753 2839 3841 δὲ
2878 3768 3005 3839 τὸν
3046 3820 3072 3841 ,2

390 3876 771 3957 Σαβέλλιον
815 3872 932 3943 ἕνα
981 3878 1096 3942 καὶ
1138 3870 1267 3943 τὸν
1310 3868 1524 3942 αὐτὸν
1577 3872 1748 3942 εἶναι
1791 3865 2346 3959 ἀποφαινόμενος
2384 3867 2538 3939 υἱὸν
2586 3875 2699 3940 καὶ
2740 3875 3003 3956 πατέρα

387 3978 500 4041 καὶ
542 3977 716 4043 ποτε
760 3975 882 4059 μὲν
927 3964 1140 4041 αὐτὸν
1183 3967 1588 4043 ἐνδιάθετον
1641 3967 1930 4057 εἰσάγων
1974 3967 2182 4058 λόγον
2224 3973 2399 4040 ποτὲ
2442 3972 2514 4038 δὲ
2556 3965 3007 4058 προφορικόν.

559 4190 911 4257 1Joh.1,1
968 4219 1035 4229 —
1088 4190 1436 4259 8Joh.1‚1
1484 4222 1550 4229 —
1603 4190 1955 4257 5J0h.3,6
2001 4218 2066 4229 -
2110 4188 2561 4257 SJoh.1‚1—
2613 4190 3004 4259 loJoh.1‚3

393 4322 454 4331 —
491 4292 611 4346 Gal.
647 4294 784 4359 3,24
820 4318 885 4329 —
925 4288 1002 4345 13
1039 4292 1289 4357 Gen.]‚1
1327 4324 1395 4333 —
1435 4294 1510 4349 16
1542 4292 1849 4358 Rom.1,25
1881 4320 1946 4330 -
1984 4291 2055 4347 17
2100 4291 2375 4357 Joh.1‚17
2412 4320 2479 4329 —
2517 4289 2636 4346 181*
2664 4292 3005 4355 an.16‚25

393 4422 456 4431 —
493 4393 568 4449 21
609 4393 732 4448 Joh.
771 4396 816 4460 1,
855 4398 883 4448 1
921 4424 988 4434 -
1023 4394 1104 4450 22
1139 4393 1263 4449 Joh.
1288 4396 1386 4459 1‚3
1422 4424 1490 4433 —
1527 4393 1606 4449 28
1641 4394 1764 4449 Joh.
1803 4397 1849 4456 1,
1887 4394 2021 4449 3—5
2054 4422 2122 4431 —
2158 4392 2280 4447 801*
2318 4390 2431 4462 vgl.
2466 4391 2558 4447 Nr.
2594 4395 2675 4447 54.
2711 4392 2779 4447 92
2822 4420 2888 4431 —
2925 4391 3003 4447 88

393 4494 500 4565 vgl.
534 4494 627 4549 Nr.
665 4496 734 4550 62

559 4695 636 4750 81
676 4699 772 4764 τῆς
807 4692 1106 4766 ἐκκλησίας
1141 4696 1218 4751 V²
1252 4713 1300 4750 a..
1338 4696 1427 4759 Βῆ
1464 4696 1634 4751 echon
1670 4694 1748 4749 V¹
1782 4698 1885 4750 hat
1920 4713 1968 4750 a.
2006 4696 2068 4750 R..
2104 4694 2193 4749 ein
2228 4692 2825 4763 Auulassungszeichen
