3694 5582
743 493 822 554 50
1918 482 2187 539 Eusebius

869 643 1063 737 ἡμῶν
1105 647 1270 730 θεὸς
1314 657 1400 739 τῇ
1445 651 1694 721 ἑαυτοῦ
1737 643 2185 719 διαπλάττων
2214 655 2422 739 σοφίᾳ
2470 643 2900 734 »ποιήσωμεν
2936 645 3353 735 ἄνθρωπον(

867 749 999 837 ἔφη
1031 744 1216 818 »κατ’
1249 749 1477 822 εἰκόνα
1507 745 1835 839 ἡμετέραν
1877 754 1989 818 καὶ
2033 743 2421 835 ὅμοίωσινε,
2464 755 2692 830 καλῶς
2736 744 2865 836 τὴν
2908 742 3361 836 ἀνθρωπίνην

870 843 1082 936 σάρκα
1127 842 1490 936 ὀνομάζων
1533 845 1779 920 εἰκόνα.
1841 843 1987 934 ᾔδει
2017 847 2142 937 γὰρ
2170 843 2463 937 ἀκριβῶς
2494 839 2605 916 ὅτι
2648 847 2855 918 εἰκῶν
2896 849 3081 918 ἔσται
3120 845 3359 935 μικρὸν

869 941 1155 1036 ὕστερον
1200 952 1324 1018 τοῦ
1368 949 1616 1021 ἑαυτοῦ
1657 944 1887 1036 λόγου.

675 1059 708 1112 5
741 1045 910 1136 μετὰ
973 1051 1188 1118 ταῦτα
1248 1053 1568 1133 πειρᾶται
1623 1045 2143 1134 κατασκευάζειν
2204 1041 2316 1118 ὅτι
2372 1053 2484 1118 καὶ
2546 1044 2629 1117 τὸ
2698 1049 2808 1117 »ἐκ
2866 1044 3155 1134 γαστρὸς
3226 1044 3358 1134 πρὸ
3388 1051 3445 1106 30

745 1144 1106 1232 ἓωσφόρου
1149 1142 1472 1235 ἐγέννησά
1514 1170 1622 1218 σει
1671 1154 1824 1236 περὶ
1869 1153 1992 1236 τῆς
2043 1146 2291 1234 σαρκὸς
2342 1150 2639 1235 ἐλέγετο,
2700 1142 2945 1234 γράφει
3004 1150 3077 1216 δὲ
3136 1136 3363 1227 οὕτως

869 1249 1008 1331 (Nr.
1055 1253 1158 1331 26)
1222 1245 1332 1317 διὰ
1395 1251 1608 1320 τοῦτο
1667 1254 1909 1319 τοίνυν
1971 1251 2097 1318 τοῦ
2158 1245 2287 1335 τὴν
2346 1242 2601 1335 ἡμέραν
2652 1251 3033 1334 δηλοῦντος
3086 1239 3363 1333 ἀστέρος

869 1342 1230 1432 ἑωσφόρου
1257 1341 1392 1416 ὑπὸ
1425 1351 1550 1418 τοῦ
1577 1342 1945 1435 προφήτου
1990 1351 2195 1417 Δαυὶδ
2234 1342 2521 1430 εἰκότως
2563 1341 3091 1434 ὀνομασθέντος,
3138 1341 3365 1416 οὐκέτι

870 1453 1214 1532 ζητεῖσθαι
1261 1449 1524 1516 δίκαιον
1569 1443 1694 1517 τὸν
1738 1443 2113 1534 ἑωσφόρον,
2164 1453 2270 1529 τίς
2314 1443 2570 1536 δήποτε
2616 1437 2721 1516 ὢν
2772 1435 2976 1526 οὗτος
3026 1439 3364 1532 τυγχάνει·

641 1552 708 1607 10
869 1534 1073 1626 οὗτος
1115 1543 1243 1632 γὰρ
1289 1535 1376 1632 ἦν
1419 1540 1457 1615 ὁ
1503 1551 1879 1634 τηνικαῦτα
1922 1552 2157 1634 φανεὶς
2200 1542 2441 1636 ἀστήρ,
2496 1539 2533 1616 ὁ
2581 1551 2813 1634 φέρων
2854 1571 2933 1614 τε
2973 1550 3087 1615 καὶ
3128 1549 3365 1632 δηλῶν

869 1643 997 1732 τὴν
1040 1639 1294 1734 ἡμέραν
1337 1663 1486 1727 τοῖς
1527 1641 1779 1734 μάγοις.
1862 1641 2219 1735 πρόδηλον
2263 1637 2389 1718 οὖν
2433 1642 2515 1715 τὸ
2566 1642 2737 1730 »πρὸ
2782 1640 3145 1733 ἑωσφόρον
3188 1645 3363 1732 ἐγέν-
3394 1662 3451 1716 31

869 1739 1036 1832 νησά
1080 1767 1188 1814 σε(
1236 1739 1372 1814 ὖπὸ
1419 1749 1544 1814 τοῦ
1583 1741 2155 1834 παντοκράτορος
2186 1749 2491 1835 εἰρῆσθαι
2520 1740 2859 1815 δεσπότου
2900 1751 3053 1830 περὶ
3094 1748 3224 1814 τοῦ
3254 1741 3363 1814 διὰ

873 1848 994 1930 τῆς
1034 1847 1390 1931 παρθένου
1431 1849 1887 1931 γεννηθέντος
1914 1843 2038 1915 σὺν
2068 1851 2153 1932 τῇ
2194 1841 2601 1934 ἀνθρωπίνῃ
2630 1850 2823 1931 σαρκὶ
2854 1838 3083 1932 λόγου,
3128 1848 3367 1929 σαφῶς

867 1948 978 2011 καὶ
1024 1946 1233 2012 τοῦτο
1278 1947 1404 2012 τοῦ
1446 1938 1836 2031 εὐαγγελίου
1878 1951 2355 2033 σημαίνοντος,
2408 1939 2752 2031 πρότερον
2791 1948 2914 2032 μὲν
2957 1939 3088 2013 τὸν
3130 1940 3367 2014 δεσπό-

643 2055 710 2110 15
871 2069 1001 2130 την
1045 2036 1240 2130 ἡμῶν
1283 2039 1392 2112 διὰ
1445 2047 1566 2130 τῆς
1623 2049 1982 2130 παρθένου
2042 2049 2385 2132 τετέχθαι,
2446 2035 2735 2131 ὕστερον
2798 2047 2869 2113 δὲ
2927 2041 3057 2114 τὸν
3116 2037 3367 2130 ἀστέρα

869 2145 1168 2229 φανῆναι
1214 2140 1339 2212 τὸν
1383 2138 1514 2229 τὴν
1557 2136 1811 2230 ἡμέραν
1854 2141 2227 2214 δεικνύντα.

743 2244 854 2310 ἐπὶ
899 2239 1173 2322 τούτοις
1213 2240 1485 2329 προτῶν
1530 2233 1733 2324 αὖθις
1776 2247 2066 2331 ἐπιλέγει
3398 2257 3459 2310 32

868 2343 1006 2426 (Nr.
1053 2345 1160 2424 94)
1225 2343 1500 2428 εἴληφεν
1561 2339 1688 2429 γὰρ
1749 2336 1788 2412 ό
1852 2340 2229 2430 ἄνθρωπος
2288 2337 2371 2412 ού
2430 2337 2647 2430 μόνον
2700 2339 2829 2430 τὴν
2881 2345 2991 2412 ἐπὶ
3042 2345 3163 2430 γῆς
3215 2345 3366 2411 τῶν

865 2435 1288 2528 πραγμάτων
1333 2443 1658 2526 ἐξουσίαν,
1705 2436 1881 2512 ἀλλὰ
1925 2449 2037 2512 καὶ
2081 2447 2229 2512 τῶν
2270 2443 2347 2512 ἐν
2377 2437 2713 2530 ούρανοτς,
2762 2437 3072 2524 εἰκότως·
3134 2445 3194 2510 εἰ
3236 2436 3365 2528 γὰρ

638 2550 708 2604 20
867 2531 985 2609 ὅτε
1037 2543 1150 2608 καὶ
1208 2537 1652 2626 »ἄνθρωποςι
1709 2545 1977 2629 ἐγένετο
2031 2548 2142 2610 καὶ
2203 2548 2509 2630 »μεσίτης
2552 2547 2722 2613 θεοῦ
2762 2547 2875 2612 καὶ
2920 2536 3360 2628 ἀνθρώπων(

868 2633 1028 2708 τότε
1071 2642 1165 2718 είς
1209 2633 1422 2708 αὐτὸν
1469 2642 1786 2728 »ἐκτίσθη
1817 2639 1902 2710 τὰ
1931 2635 2222 2722 πάντας
2271 2637 2368 2721 ῶς
2412 2643 2543 2728 ἔφη
2586 2633 2625 2710 ὅ
2670 2633 3075 2723 ἀπόστολος,
3125 2635 3249 2710 »τά
3289 2667 3367 2709 τε

866 2739 940 2806 ἐν
983 2731 1297 2826 οὐρανοῖς
1339 2743 1451 2809 καὶ
1495 2737 1580 2810 τὰ
1624 2742 1736 2809 ἐπὶ
1777 2745 1958 2828 γῆςι,
2004 2735 2394 2812 ἀκόλουθόν
2436 2743 2625 2811 ἐστιν
2667 2735 2961 2827 ἀκριβῶς
3003 2738 3368 2827 γινώσκειν

867 2830 976 2907 ὅτι
1020 2839 1284 2923 ἐξουσία
1329 2834 1412 2909 ού
1448 2834 1667 2926 μόνον
1711 2846 1859 2910 τῶν
1902 2843 2013 2911 ἐπὶ
2058 2846 2176 2930 γῆς
2221 2836 2431 2931 αύτῷ,
2476 2836 2651 2911 ἀλλὰ
2696 2846 2807 2909 καὶ
2850 2845 3003 2911 τῶν
3044 2844 3121 2910 ἐν
3165 2836 3365 2926 οὖρα-

866 2954 1011 3018 νοτς
1054 2941 1340 3008 δέδοται.

636 3048 706 3101 25
737 3042 851 3107 καὶ
895 3028 1097 3127 αὖθις
1137 3030 1292 3125 μεθ’
1339 3036 1532 3124 ἕτερα
1575 3034 1807 3125 ἐπάγει

866 3137 1000 3221 (Nr.
1032 3140 1136 3219 95)
1185 3140 1242 3205 εἰ
1284 3134 1407 3222 γὰρ
1450 3143 1604 3225 περί
1647 3164 1836 3219 τινος
1882 3132 2080 3227 δόξης
2124 3145 2442 3228 δοθείσης
2472 3134 2661 3228 αύτῷ
2700 3136 2887 3226 παρὰ
2930 3142 3057 3209 τοῦ
3096 3135 3367 3226 πατρὸς

865 3232 947 3305 τὸ
991 3231 1178 3322 ἱερὸν
1233 3230 1624 3323 εὐαγγέλιον
1677 3242 1878 3324 λέγει,
1936 3236 2198 3327 ταύτην
2257 3233 2295 3308 ό
2358 3236 2735 3326 ἄνθρωπος
2796 3235 2904 3309 διὰ
2968 3242 3094 3309 τοῦ
3152 3234 3391 3325 λόγου·

863 3334 1166 3422 εἰληφῶς
1209 3341 1542 3419 φαίνεται.
1635 3342 1975 3424 »μεσίτηςα
2027 3336 2153 3425 γὰρ
2198 3335 2559 3428 γενόμενος
2588 3336 2766 3409 κατὰ
2810 3334 2937 3409 τὸν
2980 3333 3167 3426 ἱερὸν
3196 3330 3367 3406 ἀπό-

862 3442 1116 3505 στολον
1181 3437 1385 3505 »θεοῦ
1445 3461 1520 3504 τε
1571 3442 1682 3504 καὶ
1745 3430 2183 3525 ἀνθρώπων(
2252 3444 2338 3525 τῇ
2400 3443 2677 3525 δοθείσῃ
2740 3432 2927 3525 αὐτῷ
2988 3432 3175 3523 παρὰ
3236 3441 3369 3506 τοῦ

635 3543 705 3599 30
861 3529 1124 3622 πατρὸς
1167 3530 1330 3619 δόξῃ
1376 3531 1538 3616 τούς
1583 3542 1919 3619 θεοσεβεῖς
1962 3532 2277 3622 ἐδόξασεν
2322 3534 2754 3627 ἀνθρώπους.

737 3637 846 3701 καὶ
891 3628 1103 3702 πάλιν
1145 3638 1600 3721 προστίθησιν
1642 3638 1863 3704 ταῦτα
3402 3652 3468 3705 33

863 3733 1002 3815 (Nr.
1043 3736 1148 3817 96)
1211 3737 1322 3801 καὶ
1375 3728 1661 3821 ἠξίωσεν
1715 3730 1842 3803 τὸν
1884 3730 2185 3805 πεσόντα
2228 3734 2338 3807 διὰ
2380 3740 2503 3825 τῆς
2561 3740 2915 3825 παρακοῆς
2974 3732 3367 3822 ἄνθρωπον

866 3836 968 3919 τῷ
1015 3830 1262 3902 ἑαυτοῦ
1307 3830 1414 3902 διὰ
1477 3836 1600 3920 τῆς
1660 3838 2016 3921 παρθένου
2076 3840 2518 3925 συναφθῆναι
2578 3832 2786 3925 λόγῳ.
2872 3839 3039 3905 ποία
3098 3832 3225 3923 γὰρ
3288 3836 3369 3905 ἐν

869 3925 1269 4015 ἀνθρώποις
1299 3932 1492 4019 ἑτέρα
1520 3936 1770 4018 μείζων
1798 3928 1965 4019 δόξα
2004 3930 2251 4023 γένοιτ’
2284 3931 2369 4004 ἂν
2415 3940 2537 4024 τῆς
2580 3932 2781 4022 δόξης
2824 3931 3105 4023 ταύτης;
3146 3934 3370 4005 εἰπῶν

636 4037 702 4092 35
865 4034 934 4097 δὲ
982 4020 1093 4099 ὅτι
1140 4026 1460 4114 »ἐδόξασά
1504 4051 1638 4111 σει,
1685 4036 1989 4121 ἐπιφέρει
2034 4040 2254 4123 λέγων
2304 4041 2451 4106 »καὶ
2492 4032 2705 4107 πάλιν
2748 4030 3077 4119 δοξάσωε,
3122 4034 3232 4103 ἵνα
3276 4028 3366 4104 δι’

861 4123 1247 4217 ὑπερβολὴν
1290 4137 1825 4219 φιλανθρωπίας
1868 4137 1945 4203 ἐν
1989 4140 2075 4221 τῇ
2116 4132 2284 4223 μετὰ
2329 4134 2459 4223 τὴν
2513 4130 2885 4206 ἀνάστασιν
2937 4138 3059 4222 τῆς
3113 4128 3367 4219 σαρκὸς

910 4299 941 4352 1
985 4298 1120 4352 Gen.
1160 4301 1206 4363 1,
1243 4298 1310 4353 26
1347 4328 1406 4337 —
1447 4299 1484 4355 5
1520 4299 1610 4353 ΡΒ.
1648 4302 1764 4368 109,
1799 4304 1832 4357 3
1885 4333 1952 4342 -
2008 4304 2081 4359 11
2121 4303 2210 4360 Ps.
2246 4304 2359 4368 109,
2397 4305 2430 4358 3
2482 4334 2549 4343 -
2604 4304 2683 4360 14
2718 4302 2921 4360 Matth.
2957 4306 3006 4369 1,
3040 4302 3108 4357 25
3160 4331 3227 4341 -
3284 4302 3365 4357 15

733 4398 934 4453 Matth.
972 4399 1019 4466 2,
1058 4402 1090 4451 2
1123 4430 1189 4438 -
1226 4400 1308 4455 20
1345 4401 1368 4453 Ι
1402 4399 1540 4456 Tim.
1577 4402 1625 4469 2,
1660 4405 1694 4458 5
1729 4433 1796 4442 -
1833 4403 1911 4459 21
1952 4404 2227 4475 Kol.1,16
2263 4434 2330 4445 --
2368 4406 2447 4460 2ss
2480 4404 2796 4469 Joh.17‚5‘?
2831 4434 2898 4443 —
2937 4403 3017 4459 28
3051 4402 3365 4467 1⁷1·im.2.5

734 4528 800 4536 —
838 4498 914 4553 85
953 4498 1077 4553 Joh.
1115 4502 1192 4563 12,
1231 4501 1299 4555 28

904 4647 941 4703 8
978 4642 1134 4704 ἔσται
1169 4652 1246 4705 V²
1281 4648 1521 4707 ἐστινν*
1574 4654 1584 4721 Ι
1640 4652 1716 4710 15
1751 4652 2018 4725 τετέχθαι
2056 4656 2131 4710 V²
2165 4672 2213 4709 a.
2251 4656 2339 4719 R.;
2374 4674 2451 4721 τε,
2486 4658 2710 4727 τεχθεὶς
2746 4656 2827 4709 V*
2880 4657 2891 4725 Ι
2944 4656 3017 4713 85
3052 4672 3118 4714 σε
3156 4666 3223 4717 <
3263 4656 3364 4711 NT
