3694 5582
1235 477 1306 532 de
1340 477 1710 534 ecclesiastica
1741 477 2029 546 theologia
2062 477 2087 530 I
2122 477 2203 534 20.
2952 492 3029 554 95

578 639 698 731 κγ’.
787 649 902 712 καὶ
960 647 1208 728 σοφίαν
1279 647 1350 711 δὲ
1421 638 1638 712 αὐτὸν
1707 636 2026 729 ὀνομάζει
2084 643 2429 730 Σολομῶν
2500 647 2575 716 ἐν
2634 651 3031 735 Παροιμίαις
3065 655 3131 710 81

413 749 636 830 λέγων
702 737 778 831 »ἦ
843 749 1051 828 σοφία
1095 738 1534 832 ᾠκοδόμησεν
1593 742 1798 830 ἑαυτῇ
1863 742 2084 822 οἶκον,
2146 749 2260 812 καὶ
2318 738 2677 833 ύπὴρεισεν
2738 742 3031 828 στύλους

419 841 628 913 {mae
676 848 790 912 καὶ
834 842 922 912 τὰ
965 840 1130 930 ἑξῆς.
1215 848 1326 912 καὶ
1388 871 1498 913 οτι
1557 838 1971 930 προκόσμιος
2021 831 2109 926 ἦν
2152 834 2194 928 ἦ
2238 849 2447 929 σοφία
2492 851 2673 929 ζῶσα
2713 850 2827 914 καὶ
2868 872 3029 932 υφε·

415 947 676 1024 στῶσα,
732 939 942 1023 αύτὸς
993 945 1339 1013 ἐδίδασκεν
1392 947 1466 1012 ἐκ
1517 941 1899 1031 προσώπου
1950 934 2159 1028 αυτῆς
2203 939 2455 1024 ταύτας
2494 947 2868 1032 προέμενος
2913 941 3037 1025 τὰς

346 1057 380 1112 5
417 1038 655 1127 φωνὰς
713 1041 883 1129 »ἐγώ
932 1035 972 1129 ἦ
1017 1046 1224 1127 σοφία
1265 1038 1748 1129 κατεσκήνωσα
1789 1037 2076 1129 βουλήν,
2130 1045 2241 1108 καὶ
2295 1047 2554 1128 γνῶσιν
2601 1047 2716 1112 καὶ
2767 1043 3038 1113 ἔννοιαν

415 1139 548 1228 ἐγῶ
587 1136 1154 1229 ἑπεκαλεσάμηνι,
1201 1136 1328 1211 εἶθ’
1377 1141 1526 1229 ἑξῆς
1568 1143 1909 1228 ἐπιλέγων
1960 1135 2086 1211 »δι’
2131 1145 2294 1227 ἐμοῦ
2340 1145 2696 1230 <βασιλεϊς>
2739 1139 3036 1227 βασιλεύ·

415 1263 608 1310 ουσιν
665 1247 776 1310 καὶ
831 1244 897 1311 οἱ
957 1239 1284 1312 δυνάσται
1328 1237 1703 1328 γράφουσιν
1748 1237 2209 1326 δικαιοσύνην,
2274 1237 2365 1310 δι’
2427 1245 2591 1327 ἐμοῦ
2650 1247 3039 1330 μεγιστᾶνες

413 1336 930 1428 μεγαλύνονται,
975 1349 1087 1411 καὶ
1132 1339 1456 1427 τύραννοι
1501 1335 1591 1410 δι’
1637 1344 1800 1429 ἐμοῦ
1840 1345 2266 1428 κρατοῦσινα.

578 1437 700 1511 κδ’.
773 1435 948 1511 άλλὰ
999 1447 1114 1510 καὶ
1157 1438 1364 1524 ξύλον
1407 1445 1584 1528 ζωῆς
1624 1447 1738 1510 καὶ
1779 1437 2018 1525 κύριον
2063 1433 2279 1509 αύτὸν
2320 1439 2668 1529 Σολομῶν
2710 1435 3035 1512 ἀπεκάλει
3067 1453 3135 1508 82

309 1559 380 1614 10
415 1543 638 1627 λέγων
686 1537 930 1624 »ξύλον
974 1543 1154 1627 ζωῆς
1196 1543 1383 1610 ἐστιν
1424 1545 1634 1610 πᾶσιν
1684 1557 1831 1621 τοῖς
1883 1534 2359 1627 ἀντεχομένοις
2419 1535 2656 1628 αὐτῆς,
2716 1545 2825 1610 καὶ
2889 1555 3034 1622 τοῖς

415 1641 944 1727 ἐπερειδομένοις
987 1633 1092 1708 ἐπ’
1139 1633 1358 1728 αὐτὴν
1401 1635 1498 1720 ῶς
1542 1642 1652 1710 ἐπὶ
1691 1636 1931 1725 κύριον
1972 1635 2335 1727 άσφαλὴςι.

581 1735 695 1808 κε’.
765 1745 880 1808 καὶ
938 1733 976 1808 ὁ
1039 1744 1166 1810 τοῦ
1208 1745 1633 1827 Σολομῶνος
1686 1744 1760 1809 δὲ
1810 1737 2037 1826 πατὴρ
2094 1742 2298 1808 Δαυὶδ
2346 1741 2423 1809 ἐν
2486 1747 2779 1826 Ψαλμοῖς
2839 1733 3033 1828 [ὁμοῦ
3066 1753 3133 1808 83

412 1842 544 1922 καὶ]
591 1834 832 1925 κύριον
873 1832 1044 1928 ὁμοῦ
1085 1843 1196 1908 καὶ
1240 1841 1422 1926 ἱερέα
1465 1833 1682 1908 αύτὸν
1725 1835 2100 1927 ὠνόμαζεν·
2163 1843 2326 1908 τοτὲ
2374 1843 2499 1926 μὲν
2542 1844 2763 1926 λέγων
2809 1839 3033 1909 »εἶπεν

415 1930 455 2006 o‘
497 1933 728 2025 κύριος
771 1945 876 2026 τῷ
919 1946 1131 2026 κυρίῳ
1184 1961 1340 2026 μου·
1413 1934 1640 2008 κάθου
1699 1941 1774 2008 ἐκ
1834 1943 2079 2024 δεξιῶν
2130 1965 2329 2026 pov«,
2391 1941 2554 2008 τοτὲ
2615 1942 2689 2007 δὲ
2749 1933 3033 2024 φάσκων

309 2057 378 2111 15
419 2031 724 2124 »ὤμοσεν
764 2035 995 2126 κύριος
1046 2042 1158 2108 καὶ
1214 2033 1295 2107 ού
1345 2034 2003 2126 μεταμεληθήσεται·
2064 2035 2144 2105 σὺ
2201 2036 2411 2123 ἱερεὺς
2475 2041 2569 2119 εἰς
2628 2035 2756 2108 τὸν
2815 2039 3035 2108 αἰῶνα

413 2133 588 2206 κατὰ
632 2135 766 2225 τὴν
807 2133 1004 2223 τάξιν
1047 2143 1508 2224 Μελχισεδέκι.

579 2232 696 2316 κς.
769 2244 882 2307 καὶ
935 2235 1105 2307 θεὸν
1171 2241 1240 2304 δὲ
1295 2232 1510 2307 αὐτὸν
1564 2238 1749 2307 οἶδεν
1808 2231 2169 2326 ὁμολογεῖν
2230 2230 2269 2306 ό
2330 2231 2539 2318 αὐτὸς
2600 2233 2889 2322 φάσκων
2954 2229 3030 2306 »ό
3064 2251 3133 2306 84

415 2330 675 2421 θρόνος
718 2359 844 2406 σου
894 2331 934 2407 ό
987 2335 1152 2418 θεὸς
1203 2341 1298 2418 εἰς
1341 2335 1469 2408 τὸν
1513 2341 1729 2407 αἰῶνα
1775 2341 1901 2408 τοῦ
1945 2342 2224 2418 αἰῶνος,
2278 2331 2525 2424 ῥάβδος
2568 2331 2947 2425 εὐθύτητος
2990 2330 3032 2424 ἧ

418 2431 666 2520 ῥάβδος
706 2441 831 2524 τῆς
873 2443 1208 2518 βασιλείας
1251 2460 1390 2507 σου.
1475 2431 1822 2524 ἠγάπησας
1874 2433 2308 2525 δικαιοσύνην
2358 2443 2473 2506 καὶ
2524 2439 2837 2524 ἐμίσησας
2878 2462 3033 2507 ανο·

315 2551 385 2606 20
417 2541 606 2621 μίαν·
651 2533 763 2605 διὰ
805 2541 1018 2606 τοῦτο
1064 2540 1318 2624 ἔχρισέν
1360 2558 1434 2605 σε
1473 2529 1512 2606 ό
1558 2533 1748 2618 θεός,
1801 2530 1840 2606 ό
1884 2531 2049 2616 θεός
2093 2559 2244 2618 σου,
2301 2537 2531 2607 ἔλαιον
2574 2531 3036 2624 ἀγαλλιάσεως

417 2633 602 2720 παρὰ
645 2633 808 2717 τούς
851 2631 1176 2723 μετόχους
1219 2659 1398 2707 com.
1483 2633 1648 2717 θεὸς
1705 2633 1831 2724 γὰρ
1886 2641 1959 2706 έν
2012 2632 2286 2716 τούτοις
2338 2629 2687 2723 χριόμενος
2730 2629 2866 2705 υπὸ
2910 2641 3039 2708 τοῦ

415 2737 588 2803 θεοῦ
631 2732 816 2817 τίς“
779 2763 866 2807 αν
911 2736 1137 2823 ἕτερος
1181 2739 1280 2825 εἴη
1323 2730 1369 2824 ἢ
1413 2729 1621 2818 αὐτὸς
1665 2729 1703 2805 ό
1759 2735 1867 2807 διὰ
1921 2734 2002 2807 τὸ
2053 2753 2291 2825 χρῖσμα
2351 2732 2434 2807 τὸ
2494 2732 2831 2824 πατρικὸν
2878 2741 3041 2831 Χρι-

415 2829 576 2914 στός
621 2829 1186 2923 άνηγορευμένοςς

585 2941 595 3015 1
650 2934 766 3019 κζ’.
841 2928 880 3005 ό
925 2930 990 3005 δ’
1038 2931 1244 3016 αὐτὸς
1287 2926 1492 3019 οὗτος
1533 2941 1646 3005 καὶ
1699 2931 2051 3024 αγαπητὸς
2093 2962 2181 3023 ην
2224 2940 2351 3006 τοῦ
2392 2940 2589 3019 θεοῦ,
2653 2926 2691 3005 3
2737 2932 2819 3024 δὴ
2864 2963 3033 3024 παρ·
3067 2952 3269 3023 85199

309 3048 378 3103 25
413 3038 676 3121 ίστησιν
731 3030 774 3122 ἦ
827 3040 955 3106 τοῦ
1005 3041 1280 3125 ψαλμοῦ
1331 3033 1698 3124 προγραφὴ
1758 3040 2155 3122 περιέχουσα
2215 3030 2397 3123 »ῳδὴ
2458 3028 2627 3121 ὑπὲρ
2686 3040 2814 3105 τοῦ
2852 3032 3031 3143 οάγα·

408 3136 692 3219 πητοῦι.

577 3230 700 3320 κη’.
785 3228 1049 3316 Ἠσαίας
1109 3239 1178 3303 δὲ
1223 3241 1546 3322 βραχίονα
1607 3229 1822 3304 αὐτὸν
1884 3228 2205 3304 άπεκάλει
2265 3240 2491 3322 λέγων
2568 3228 3031 3319 »ἀποκαλύψει
3062 3256 3130 3311 86

408 3329 641 3419 κύριος
685 3330 814 3402 τόν
856 3341 1177 3421 βραχίονα
1221 3332 1350 3403 τὸν
1395 3326 1590 3422 ἅγιον
1634 3330 1850 3403 αὐτοῦ
1879 3332 2181 3403 ἐνώπιον
2207 3330 2505 3403 πάντων
2534 3336 2747 3420 <τῶν>
2778 3336 3025 3405 ἐθνῶν.

577 3431 776 3519 <κθ’.>
835 3439 948 3502 καὶ
994 3435 1199 3502 Δαυὶδ
1241 3428 1412 3521 ὁμοῦ
1456 3430 1887 3521 δικαιοσύνην
1923 3440 2036 3503 καὶ
2067 3430 2404 3521 σωτήριον
2434 3428 2648 3501 αύτόν
2676 3427 3029 3520 ἠπίστατο,

307 3542 376 3597 30
413 3528 518 3599 διὸ
565 3533 790 3619 ἔλεγεν
839 3532 1239 3621 »ἐγνώρισεν
1264 3530 1493 3619 κύριος
1523 3530 1604 3601 τὸ
1637 3528 1981 3620 σωτήριον
2011 3526 2241 3615 αύτοῦ,
2286 3530 2588 3602 ἐνώπιον
2616 3536 2767 3601 τῶν
2794 3534 3031 3603 ἐθνῶν

413 3625 851 3718 ἀπεκάλυψεν
880 3630 1012 3721 τὴν
1039 3628 1472 3719 δικαιοσύνην
1504 3627 1774 3713 αύτοῦι,
1819 3637 1933 3699 καὶ
1960 3628 2173 3701 πάλιν
2207 3626 2744 3719 »εύαγγελίςεσθε
2775 3625 3028 3719 ἡμέραν
3061 3657 3127 3712 87

411 3733 482 3815 ἐξ
545 3726 790 3819 ἡμέρας
850 3727 932 3800 τὸ
995 3727 1343 3817 σωτήριον
1404 3726 1684 3806 αύτοῦα,
1745 3738 1856 3800 καὶ
1898 3722 2097 3813 αὖθις
2162 3737 2303 3813 »τίς
2345 3729 2545 3801 δώσει
2589 3732 2663 3798 ἐκ
2705 3730 2901 3801 Σιῶν
2943 3727 3026 3800 τό

410 3827 754 3917 σωτήρων
793 3835 918 3899 τοῦ
959 3824 1292 3919 Ἰσραήλ,·«
1361 3838 1472 3901 καὶ
1523 3835 1780 3916 »δεῖξον
1824 3826 2009 3918 ἡμῖν,
2072 3828 2282 3919 κύριε,
2343 3827 2425 3899 τὸ
2482 3824 2666 3910 ἔλεός
2708 3852 2856 3913 σου,
2918 3838 3031 3899 καὶ

409 3926 494 4000 τὸ
538 3925 882 4019 σωτήριόν
926 3952 1048 3999 σου
1092 3927 1271 4019 δῴης
1314 3924 1530 4017 ἡμτνι.

583 4100 618 4154 2
655 4098 817 4155 Prov.
853 4101 902 4167 9,
939 4102 968 4153 1
1023 4128 1090 4138 --
1143 4098 1178 4152 5
1217 4098 1378 4152 Prov.
1415 4098 1462 4161 8,
1501 4100 1567 4153 12
1621 4128 1685 4137 -
1741 4100 1778 4154 6
1817 4099 1976 4153 Prov.
2012 4100 2062 4163 8,
2101 4100 2165 4153 15
2219 4130 2284 4137 —
2340 4099 2418 4154 10
2454 4098 2615 4153 Prov.
2652 4100 2700 4161 3,
2738 4100 2805 4155 18
2839 4127 2904 4137 -
2951 4098 3030 4155 18

409 4200 499 4252 ΡΒ.
538 4200 652 4263 109,
690 4203 718 4254 1
755 4230 822 4240 —
861 4199 936 4255 15
975 4200 1062 4253 ΡΒ.
1100 4201 1214 4267 109,
1249 4202 1284 4253 4
1319 4230 1385 4238 -
1426 4199 1495 4254 17
1538 4199 1626 4253 Ps.
1661 4202 1744 4267 44,
1783 4202 1828 4253 7.
1866 4202 1901 4256 8
1936 4229 2001 4239 ——
2041 4200 2120 4257 25
2158 4199 2365 4265 Ps.·44‚
2404 4203 2431 4253 1
2471 4228 2537 4238 —
2586 4200 2658 4254 27
2702 4201 2808 4254 Jes.
2846 4201 2927 4263 52,
2966 4201 3030 4255 10

407 4330 476 4340 -
513 4300 593 4357 80
628 4300 714 4355 Ps.
752 4303 835 4364 97,
870 4302 904 4356 2
939 4331 1006 4339 —
1043 4302 1116 4357 81
1159 4300 1244 4355 Pe.
1283 4302 1365 4366 95,
1402 4302 1436 4353 ‘2
1469 4329 1536 4339 —
1573 4300 1651 4356 82
1689 4300 1775 4355 Pe.
1816 4302 1896 4367 13,
1932 4304 1962 4355 7
2002 4330 2063 4340 —
2102 4302 2179 4357 88
2216 4300 2302 4354 ΡΒ.
2338 4302 2421 4363 84,
2456 4300 2491 4355 8

585 4452 616 4507 1
665 4448 726 4507 ἐν
773 4452 845 4505 Kl
891 4447 984 4506 ἐπὶ
1021 4452 1068 4503 V
1134 4452 1142 4519 Ι
1209 4450 1246 4507 6
1297 4454 1548 4521 βασιλεῖς
1581 4468 1638 4504 m
1671 4450 1819 4504 LXX
1884 4452 1896 4520 Ι
1962 4452 2036 4507 12
2092 4448 2239 4520 ὁμοῦ
2288 4452 2387 4505 καὶ
2440 4453 2533 4504 etr.
2577 4450 2650 4504 Kl
2702 4453 2816 4521 vgl.
2869 4470 2925 4505 m
2976 4472 3025 4507 u.

409 4554 462 4607 Z.
499 4552 581 4607 29.
641 4552 695 4606 S.
731 4554 846 4619 101,
883 4552 988 4609 19f
1046 4553 1055 4621 Ι
1124 4554 1194 4609 17
1236 4550 1408 4609 αὐτὸν
1445 4570 1496 4605 m
1537 4549 1712 4607 αὐτοῦ
1749 4552 1796 4605 V
1845 4555 1855 4619 Ι
1913 4551 1989 4607 25
2026 4552 2235 4621 roffi-{-
2264 4550 2478 4609 αὐτοῦ’.>
2515 4552 2603 4606 Mo
2651 4553 2660 4621 Ι
2705 4552 2783 4611 28
2818 4560 2933 4608 τῶν
2956 4554 3025 4608 Κ]

407 4652 552 4708 nach
589 4654 734 4707 Lxx
799 4656 808 4721 Ι
874 4655 953 4710 29
989 4645 1085 4709 κθ’
1123 4654 1190 4706 Kl
1254 4656 1263 4721 Ι
1329 4656 1606 4725 σωτήριον
1644 4653 1713 4707 ΚΙ
1750 4653 1862 4723 vgl.
1898 4653 1951 4709 Z.
1976 4656 2059 4709 30.
2095 4653 2219 4709 32ff
2248 4672 2299 4708 u.
2338 4655 2389 4709 S.
2424 4654 2508 4717 96,
2544 4654 2611 4708 32
2658 4656 2941 4727 σωτηρίαν
2978 4658 3025 4711 V
