3694 5582
673 505 694 561 1
709 502 788 563 90
1839 493 2123 551 Eusebium

669 656 982 733 ἑωσφόρον,
1017 664 1100 727 τίς
1134 664 1340 732 δήποτε
1375 657 1460 717 ὢν
1499 654 1666 727 οὗτος
1698 662 1989 733 τυγχάνει·
2028 653 2195 728 οὗτος
2218 661 2329 733 γὰρ
2354 660 2422 732 ἢν
2458 662 2491 717 ὁ
2522 669 2829 732 τηνικαῦτα
2865 666 3065 734 φανεὶς
3086 662 3280 733 ἀστήρ,

669 742 701 799 ό
739 744 930 817 φέρων
963 764 1026 801 τε
1061 748 1159 802 καὶ
1193 749 1376 815 δηλῶν
1411 749 1512 815 τὴν
1547 744 1768 815 ἡμέραν
1801 755 1923 812 τοῖς
1958 745 2184 817 μάγοις.
2238 746 2525 818 πρόδηλον
2560 740 2662 802 οὖν
2695 744 2763 802 τὸ
2804 747 2945 819 »πρὸ
2983 744 3281 820 ἑωσφόρον

667 826 938 899 ἐγέννησά
995 848 1084 886 σε«
1143 826 1253 885 ὑπὸ
1299 838 1402 885 τοῦ
1445 829 1917 901 παντοκράτορος
1961 828 2224 903 εἰρῆσθαι
2258 832 2536 887 δεσπότου
2570 835 2703 905 περὶ
2736 841 2839 889 τοῦ
2874 833 2967 891 διὰ
3002 840 3101 901 τῆς
3136 853 3277 901 παρ·

666 914 840 971 θένου
873 914 1250 985 γεννηθέντος
1285 915 1384 970 σὺν
1419 922 1489 985 τῇ
1525 913 1862 989 ἀνθρωπίνῃ
1898 919 2067 986 σαρκὶ
2102 916 2301 985 λόγου,
2341 923 2541 987 σαφῶς
2574 920 2673 973 καὶ
2706 925 2874 974 τοῦτο
2912 925 3016 973 τοῦ
3049 915 3280 988 εὐαγγε-

598 997 630 1047 ἴ)
665 1000 790 1054 λίου
827 1000 1228 1068 σημαίνοντος,
1273 999 1560 1072 πρότερον
1601 1000 1710 1069 μὲν
1745 1000 1846 1055 τόν
1882 1001 2161 1070 δεσπότην
2204 1001 2367 1070 ἡμῶν
2412 999 2501 1055 διὰ
2536 1007 2639 1069 τῆς
2673 1000 2969 1074 παρθένου
3000 1000 3280 1072 τετέχθαι,

664 1078 905 1155 ὕστερον
940 1082 1000 1141 δὲ
1035 1082 1138 1139 τὸν
1174 1081 1384 1153 ἀστέρα
1415 1091 1660 1154 φανῆναι
1695 1083 1797 1139 τὸν
1832 1084 1933 1153 τὴν
1970 1083 2187 1157 ἡμέραν
2222 1083 2530 1141 δεικνύντα.

834 1251 928 1306 Nr.
967 1253 1034 1306 3‘2
1071 1253 1170 1321 (Re
1205 1253 1290 1321 27)
1339 1248 1462 1307 ἐπεὶ
1495 1250 1681 1307 πόθεν
1719 1252 1851 1319 ἡμῖν
1888 1248 1951 1308 ἐκ
1986 1258 2101 1309 τῶν
2136 1254 2313 1307 θείων
2348 1254 2683 1322 δυνήσονται
2718 1255 2893 1317 δεῖξαι
2928 1251 3139 1324 ῥητῶν,
3194 1250 3281 1308 ὅτι

665 1329 764 1401 εἷς
806 1336 930 1404 μὲν
983 1334 1384 1407 ἀγέννητος,
1431 1328 1530 1401 εἷς
1575 1336 1642 1391 δὲ
1696 1338 2026 1407 γεννητὸς
2079 1332 2281 1405 οὕτως,
2334 1334 2415 1403 ὼς
2467 1334 2629 1393 αὐτοὶ
2681 1340 3057 1409 γεγεννῆσθαι
3109 1334 3281 1392 αἰτόν

664 1419 1115 1485 πεπιστεύκασιν,
1159 1414 1290 1477 οὔτε
1343 1426 1655 1491 προφητῶν
1703 1416 1829 1476 οὔτε
1870 1420 2282 1492 εὐαγγελιστῶν
2326 1422 2361 1490 ἢ
2398 1420 2733 1479 ἀποστόλων
2768 1415 2921 1477 τοῦτ’
2957 1422 3278 1493 εἰρηκότων.

563 1592 628 1641 10
830 1588 925 1641 Nr.
964 1588 1030 1643 33
1067 1586 1170 1655 (Re
1206 1588 1293 1655 28)
1331 1586 1364 1643 ό
1397 1588 1590 1643 τοίνυν
1628 1584 1781 1656 ἱερὸς
1815 1585 2137 1654 ἀπόστολός
2169 1608 2233 1645 τε
2266 1592 2364 1644 καὶ
2398 1592 2660 1658 μαθητὴς
2681 1596 2783 1643 τοι·-
2807 1588 3006 1659 κυρίου
3024 1582 3281 1655 Ἰωάννης

661 1676 760 1738 τῆς
813 1668 1129 1739 ἀιδιότητος
1175 1670 1349 1727 αὐτοῦ
1382 1670 1758 1741 μνημονεῦων
1811 1670 2029 1742 ἀληθὴς
2062 1671 2318 1744 ἐγίγνετο
2358 1682 2459 1729 τοῦ
2494 1672 2670 1744 λόγου
2704 1671 2945 1741 μάρτυς,
3005 1670 3097 1729 »ἐν
3132 1670 3279 1741 ἀρχῇ

665 1752 728 1823 ἦν
766 1754 798 1809 ὁ
833 1754 1033 1825 λόγος·
1071 1754 1253 1827 λέγων
1293 1757 1419 1812 »καὶ
1452 1754 1485 1811 ὁ
1521 1757 1694 1827 λόγος
1727 1754 1794 1826 ἦν
1829 1758 1977 1828 πρὸς
2008 1758 2111 1813 τόν
2146 1760 2311 1823 θεόν,
2348 1760 2447 1813 καὶ
2480 1756 2619 1821 θεὸς
2656 1754 2723 1825 ἦν
2760 1756 2792 1811 ό
2827 1756 3047 1826 λόγοςσ.
3120 1754 3278 1812 οὐδὲν

661 1836 935 1908 γενέσεως
993 1836 1246 1897 ἐνταῦθα
1296 1839 1672 1909 μνημονεύων
1723 1848 1826 1897 τοῦ
1881 1842 2083 1912 λόγου,
2146 1838 2270 1898 ἀλλ’
2318 1838 2655 1911 ἐπαλλήλοις
2704 1842 2889 1909 τρισὶν
2941 1841 3281 1909 μαρτυρίαις

657 1920 971 1994 χρώμενος,
1008 1922 1271 1997 ἐβεβαίου
1307 1921 1368 1980 ἐν
1404 1922 1552 1996 ἀρχῇ
1587 1924 1688 1981 τὸν
1723 1927 1899 1997 λόγον
1924 1920 2098 1989 εἶναι.

560 2102 624 2153 15
832 2091 925 2144 Nr.
961 2095 1028 2146 34
1065 2092 1166 2159 (Re
1199 2094 1286 2158 29)
1322 2088 1634 2161 ὑπομνήσω
1669 2090 1729 2147 δέ
1765 2109 1826 2148 σε
1864 2083 1949 2147 ὧν
1986 2091 2157 2157 αι’-τὸς
2191 2092 2481 2163 γέγραφεν
2520 2089 2925 2159 συνιστάμενος
2950 2099 3069 2156 τοῖς
3090 2098 3279 2157 κακῶς

659 2169 769 2229 ὑπὸ
807 2169 1082 2247 Εὐσεβίου
1118 2185 1434 2247 γραφεῖσιν,
1467 2172 1565 2231 ἵνα
1601 2183 1750 2247 γνῷς
1785 2172 1875 2231 ὅτι
1910 2173 2215 2247 ἀφίσταται
2252 2182 2447 2247 σαφῶς
2482 2184 2580 2245 τῆς
2603 2174 2886 2247 προτέρας
2922 2172 3276 2247 ἐπαγγελίας.

657 2258 943 2331 γέγραφεν
979 2261 1090 2331 γὰρ
1128 2260 1326 2327 αὐταῖς
1351 2260 1567 2327 λέξεσιν
1591 2254 1798 2326 οὕτως·
1833 2262 1911 2318 τὸ
1950 2261 2076 2332 γὰρ
2111 2261 2506 2331 κεφάλαιον
2542 2255 2728 2317 εἶναι
2760 2266 2879 2328 τῆς
2914 2256 3279 2327 ἐπιστολῆς

658 2340 770 2399 ἐπὶ
804 2348 923 2414 τὴν
957 2349 1214 2419 βουλὴν
1249 2353 1371 2401 τοῦ
1405 2346 1671 2413 πατρὸς
1705 2342 2111 2417 ἀνενεγκεῖν
2146 2355 2267 2402 τοῦ
2310 2345 2463 2402 υἱοῦ
2508 2350 2628 2415 τὴν
2672 2344 2974 2415 γένεσιν,
3026 2346 3140 2401 καὶ
3191 2348 3279 2414 μὴ

659 2426 885 2496 πάθος
919 2430 1280 2500 ἀποφῆναι
1315 2438 1433 2485 τοῦ
1469 2433 1636 2485 θεοῦ
1670 2433 1789 2499 τὴν
1826 2434 2054 2501 γονήν.
2126 2426 2298 2502 ὅπερ
2336 2428 2403 2487 οὶ
2438 2428 2842 2501 σοφώτατοι
2895 2436 3029 2485 τῶν
3074 2429 3277 2485 πατέ-

557 2522 625 2575 20
659 2534 794 2585 ρων
853 2512 922 2571 ἐν
975 2522 1124 2579 τοῖς
1182 2513 1482 2580 οἰκείοις
1541 2514 2017 2583 συντάγμασιν
2074 2512 2547 2585 ἀπεφήναντο,
2611 2512 3093 2586 φυλαξάμενοι
3147 2522 3279 2569 τῶν

660 2594 1032 2669 αἱρετικῶν
1068 2603 1188 2669 τὴν
1225 2598 1575 2671 ἀσέβειαν,
1614 2596 1678 2654 οἳ
1715 2602 2111 2670 σωματικήν
2156 2620 2307 2656 τινα
2352 2604 2467 2656 καὶ
2502 2602 2898 2669 παθητικὴν
2934 2598 3271 2669 κατεψεύ·

659 2702 870 2739 σαντο
904 2692 1025 2739 τοῦ
1059 2688 1230 2739 θεοῦ
1263 2688 1383 2754 τὴν
1419 2686 1909 2755 τεκνογονίαν,
1945 2685 2066 2751 τὰς
2100 2684 2457 2759 προβολὰς
2492 2684 3055 2755 δογματίζοντες.

828 2835 920 2889 Nr.
963 2837 1028 2890 35
1090 2835 1192 2903 (Re
1245 2837 1334 2902 30)
1391 2829 1541 2893 ὥστε
1602 2843 1983 2910 συνηγορῆσαι
2038 2835 2289 2911 Εὗσεβίῳ
2342 2843 2534 2902 κακῶς
2584 2834 2875 2908 γράψαντι
2926 2834 3281 2907 βουλόμενος

659 2914 958 2991 Ἀστέριος,
996 2916 1265 2986 φύσεώς
1296 2938 1367 2976 τε
1405 2921 1664 2993 πατρὸς
1697 2925 1812 2977 καὶ
1851 2920 2115 2990 φύσεως
2151 2919 2579 2991 [ἀ]γεννητοῦ
2628 2918 3053 2988 μνημονεύσας,
3108 2917 3279 2983 αὐτὸς

555 3009 623 3062 25
660 2998 867 3058 ἑαυτοῦ
899 3005 1221 3077 κατήγορος
1273 3005 1524 3074 γέγονεν.
1596 3005 1741 3062 πολὺ
1791 3007 1905 3076 γὰρ
1955 3007 2182 3078 βέλτιον
2236 3003 2302 3075 ἣν
2353 3004 2428 3061 τὸ
2482 3004 2704 3077 βάθος
2754 3011 2876 3061 τοῦ
2926 3005 3279 3072 νοήματος

661 3085 1026 3158 Εὔσεβίου,
1064 3083 1145 3154 ὼς
1179 3085 1350 3153 αὐτὸς
1384 3088 1695 3162 γέγραφεν,
1751 3087 1820 3146 ἐν
1862 3092 2290 3164 βραχυλογίᾳ
2326 3092 2653 3158 κείμενον
2701 3086 3075 3156 ἀνεξέταστον
3110 3106 3279 3143 κατα·

659 3176 865 3239 λιπεῖν,
919 3169 952 3240 ἢ
1005 3172 1237 3242 τοιαύτῃ
1288 3176 1506 3250 θεωρίᾳ
1559 3173 1923 3248 χρησάμενον
1974 3173 2041 3230 τὸ
2096 3181 2425 3247 πανοῦργον
2476 3181 2579 3230 τοῦ
2630 3172 2973 3245 γράμματος
3024 3169 3104 3236 εἰς
3156 3178 3281 3240 φῶς

659 3253 912 3327 ἀγαγεῖν.

827 3409 920 3463 Nr.
948 3411 1014 3464 36
1051 3409 1152 3476 (Re
1175 3410 1261 3475 31)
1297 3407 1364 3464 τὸ
1400 3407 1508 3476 μὲν
1545 3401 1646 3463 οὖν
1681 3407 1811 3479 πρὸ
1851 3415 1986 3465 τῶν
2024 3405 2297 3464 αἰώνων
2334 3405 2546 3464 αὐτὸν
2582 3409 3051 3479 γεγεννῆσθαι
3088 3413 3280 3475 φῆσαι,

557 3499 624 3551 30
661 3488 998 3557 ἀκολούθως
1051 3491 1335 3562 εἰρηκέναι
1387 3495 1565 3549 δοκεῖ·
1627 3492 1880 3565 γέννημα
1933 3493 2045 3566 γὰρ
2090 3493 2166 3549 τό
2202 3492 2495 3566 προελθὸν
2530 3501 2632 3548 τοῦ
2666 3489 2992 3564 προεμένου
3028 3491 3281 3560 γίγνεται

659 3576 888 3647 πατρός.
959 3575 1212 3646 θάτερον
1265 3569 1321 3631 δ’
1373 3574 1560 3633 οὐκέτι
1612 3573 1783 3648 ὑγιῶς
1837 3571 1964 3634 οὐδ’
2006 3573 2253 3649 εὐσεβῶς
2300 3575 2451 3650 αὐτῷ
2488 3578 2880 3649 παρείληπται.
2952 3572 3018 3630 τό
3055 3573 3167 3644 γὰρ
3202 3576 3279 3642 μὴ

658 3660 834 3731 λόγον
871 3655 1017 3717 εἶναι
1068 3668 1242 3731 φῆσαι
1276 3661 1378 3717 τὸν
1423 3657 1486 3728 ἐξ
1520 3659 1694 3718 αὐτοῦ
1729 3662 2095 3737 προελθόντα
2141 3664 2239 3716 καὶ
2273 3669 2477 3718 τοῦτον
2515 3655 2662 3718 εἶναι
2695 3659 2797 3715 τόν
2832 3665 2931 3728 τῆς
2964 3662 3283 3728 γεννήσεως

659 3742 846 3814 ἀληθῆ
877 3745 1112 3817 τρόπον,
1151 3738 1270 3802 ἀλλ’
1305 3740 1502 3810 ἁπλῶς
1536 3742 1688 3802 υἱὸν
1722 3746 1966 3816 μζόνον,
2005 3741 2250 3816 ἔμφασίν
2287 3765 2413 3802 τινα
2438 3753 2557 3810 τοῖς
2581 3742 2887 3801 ἀκούουσιν
2913 3740 3283 3816 ἀνθρωπίνης

661 3823 854 3898 ὅψεως
886 3829 1157 3902 παρέχειν
1194 3827 1413 3886 εἴωθεν.

836 3996 999 4053 7-9
1041 3998 1134 4063 28,
1169 3997 1393 4052 27—30
1451 4030 1518 4038 -
1568 3999 1834 4054 10—14
1885 3998 1973 4063 37,
2012 3997 2539 4060 11-16,·10-13
2592 3995 2808 4066 (λόγου)
2860 3995 2984 4063 107,
3022 3995 3169 4048 3-7
3212 4025 3279 4033 .-

659 4065 914 4120 15—22
948 4065 1028 4128 19,
1065 4065 1274 4117 11—20
1309 4097 1373 4104 —
1411 4067 1674 4122 23—28
1709 4067 1788 4131 19,
1824 4067 2053 4118 23—28
2081 4097 2146 4104 —
2184 4065 2452 4122 ,το-34
2488 4067 2575 4128 36,
2612 4065 2765 4118 2—8.
2837 4063 2961 4130 106,
3000 4063 3220 4115 30-36

833 4199 867 4254 ε
906 4199 992 4254 Ps.
1033 4201 1147 4267 109,
1183 4203 1216 4254 3
1251 4231 1318 4240 -
1356 4203 1391 4256 5
1430 4201 1626 4256 Matth.
1667 4205 1690 4254 1
1750 4202 1816 4255 25
1852 4232 1917 4239 —
1956 4203 1993 4254 (1
2031 4201 2231 4257 matth.
2268 4202 2316 4267 2,
2354 4201 2386 4254 2
2420 4231 2487 4239 —
2528 4201 2601 4254 11
2641 4199 2767 4254 Joh.
2808 4201 2909 4264 1,1
2948 4227 3013 4236 -
3054 4199 3131 4252 1ss
3168 4197 3280 4268 vgl.

658 4267 748 4322 Nr.
790 4269 854 4321 78
890 4285 937 4321 a.
977 4267 1036 4322 E.
1084 4299 1151 4307 -
1188 4269 1299 4338 vgl.
1337 4269 1663 4325 Theodoret.
1699 4242 1752 4321 ἰι.
1791 4285 1836 4322 0.
1878 4271 1923 4334 1,
1960 4272 1991 4324 5
2030 4299 2093 4307 —
2132 4269 2210 4324 29
2246 4268 2357 4338 νει.
2396 4266 2489 4323 Nr.
2530 4269 2594 4323 18

830 4403 865 4456 5
899 4399 1164 4472 τετέχθαι
1199 4403 1284 4455 V²
1317 4422 1362 4459 a.
1401 4403 1491 4466 R.;
1526 4421 1604 4470 τε,
1638 4405 1862 4474 τεχθείς
1898 4405 1979 4456 V*
2046 4405 2053 4468 Ι
2122 4406 2201 4459 10
2232 4421 2295 4458 τε
2332 4413 2397 4463 <
2434 4405 2549 4470 107,
2584 4404 2617 4457 3
2685 4405 2692 4468 Ι
2759 4403 2829 4456 11
2872 4406 2973 4468 τῆς
3008 4411 3073 4458 <
3112 4403 3279 4465 107,4

727 4471 804 4524 12
842 4469 1022 4540 λέγων
1061 4481 1126 4528 <
1165 4471 1212 4524 V
1248 4472 1364 4537 107,
1402 4473 1434 4527 5
1499 4473 1506 4540 Ι
1573 4473 1650 4528 15
1687 4469 1859 4536 αὐτὸς
1892 4491 1948 4525 m
1987 4471 2180 4535 αι’-τοῖς
2214 4471 2263 4524 V
2330 4471 2339 4538 1
2404 4467 2850 4538 συνεσταλμένος
2884 4487 2939 4522 m
2982 4469 3139 4536 (-νως
3174 4470 3277 4534 mr)

729 4538 804 4591 16
859 4533 1210 4608 ἀπαγγελίας
1245 4539 1318 4591 V¹
1386 4540 1392 4606 Ι
1461 4541 1536 4596 18
1591 4538 1748 4610 γένντ
1764 4556 1854 4594 σιν
1906 4539 1986 4594 Re
2126 4540 2203 4595 24
2298 4546 2534 4607 εννητοῦ
2578 4538 2659 4592 Re
2723 4539 2730 4605 Ι
2797 4537 2873 4592 25
2928 4531 3139 4591 ἑαυτοῦ
3173 4535 3279 4589 We

659 4601 840 4676 ἑαυτῷ
877 4605 924 4656 V
991 4608 1000 4673 Ι
1101 4603 1248 4671 άθος
1282 4607 1360 4660 Re
1397 4607 1638 4672 σκότοςῖ
1751 4624 1782 4661 e
1815 4605 2009 4672 πάθος
2142 4608 2150 4674 Ι
2209 4558 2297 4662 δῖ
2325 4603 2498 4661 αὐτὸν
2534 4603 2982 4674 παραλέλειπται
3000 4603 3049 4656 V
3072 4604 3187 4670 106,
3212 4605 3279 4657 33

660 4674 666 4740 ῃ
729 4673 804 4726 232
840 4678 1048 4728 τοῦτον
1104 4681 1168 4736 -1-
1202 4675 1280 4742 μὴ
1319 4675 1396 4728 Re
1459 4677 1468 4744 ι
1533 4677 1612 4731 33
1648 4669 1863 4743 ἁπλῶς]
1902 4673 2135 4744 ἀληθῶς
2171 4677 2283 4740 106,
2320 4677 2386 4728 35
