3694 5582
403 3060 514 3119 ,³9

625 1567 692 1620 10

624 2063 691 2118 15

625 3060 692 3114 25

723 495 802 556 42

1888 483 2155 543 Eusebius

851 645 1222 737 ἀνδριάντα
1259 654 1512 724 πλάσαι
1541 647 1971 739 βουλόμενος,
2016 657 2303 740 πρῶτον
2331 656 2455 736 μὲν
2484 651 2649 733 τούς
2688 647 2948 734 τύπους
2990 646 3204 722 αύτοῦ
3232 657 3345 723 καὶ

849 757 1275 840 χαρακτῆρας
1317 753 1458 823 ἐνς
1433 757 1656 840 εαυτῷ
1703 768 1969 834 σκοπεῖ,
2031 753 2267 822 ἔπειτα
2318 747 2585 834 πλάτος
2636 779 2714 822 τε
2766 757 2877 820 καὶ
2920 757 3133 871 μῆκος
3175 778 3344 824 οσον

854 846 1176 939 εὐπρεπὲς
1233 853 1480 934 ἐννοετ,
1543 846 1919 940 ἀναλογίαν
1970 879 2045 922 τε
2096 857 2225 922 τοῦ
2276 849 2541 933 παντὸς
2582 854 2659 922 ἐν
2702 857 2807 941 τῷ
2848 846 3011 922 καθ’
3058 852 3345 924 ἕκαστον

852 947 1142 1037 ἐξετάζει
1182 957 1385 1040 μέρει,
1427 957 1687 1037 χαλκοῦ
1729 977 1803 1021 τε
1846 949 1981 1040 τὴν
2021 945 2425 1039 πρόσφορον
2468 947 2824 1038 ετοιμάσας
2852 943 3027 1040 ῦλην
3066 960 3177 1022 καὶ
3216 949 3344 1023 τὸν

853 1045 1172 1139 ἐσόμενον
1225 1046 1599 1137 ἀνδριάντα
1651 1057 1738 1139 τῇ
1792 1051 2039 1120 ἑαυτοῦ
2088 1048 2551 1139 προτυπώσας
2610 1056 2875 1141 διανοίᾳ
2916 1058 3029 1121 καὶ
3076 1057 3347 1139 νοητῶς

852 1144 1022 1238 δρᾶν
1050 1157 1332 1239 νομίσας
1362 1149 1686 1232 συνειδώς
1716 1176 1793 1220 τε
1823 1151 2044 1237 ἑαυτῷ
2078 1166 2421 1238 συνεργεῖν
2456 1149 2587 1222 τὸν
2627 1146 2856 1238 λόγον,
2904 1140 2962 1240 ᾧ
3006 1157 3346 1239 λογίζεται

849 1256 959 1319 καὶ
1023 1241 1082 1339 ᾧ
1141 1247 1372 1322 πάντα
1429 1247 1764 1339 πράττειν
1822 1254 2073 1320 εἴωθεν
2132 1245 2355 1334 (οὐδὲν
2409 1248 2535 1339 γὰρ
2577 1249 2667 1338 μῆ
2712 1246 2895 1340 λόγῳ
2942 1245 3346 1338 γιγνόμενον

849 1344 1116 1435 καλόν),
1171 1345 1540 1440 ἀρχόμενος
1582 1354 1708 1438 τῆς
1751 1355 2084 1438 αἰσθητῆς
2128 1347 2381 1438 ταύτης
2424 1354 2734 1438 ἐργασίας
2770 1347 2947 1437 πρὸς
2990 1345 3204 1422 αὑτὸν
3248 1348 3345 1433 ὦς

849 1444 1023 1538 πρὸς
1069 1447 1302 1538 ἕτερον
1345 1448 1877 1537 παρακελεύεται
1905 1453 2151 1538 λέγων·
2209 1447 2325 1538 ἄγε
2356 1445 2766 1537 ποιήσωμεν,
2812 1448 2929 1536 ἄγε
2973 1448 3347 1539 πλάσωμεν

850 1542 1247 1636 ἀνδριάντα·
1331 1543 1558 1629 οὕτως
1617 1543 1656 1618 ό
1718 1555 1865 1619 τῶν
1908 1540 2095 1619 ὅλων
2138 1545 2470 1636 δεσπότης
2522 1546 2689 1630 θεὸς
2746 1547 2874 1619 τὸν
2926 1551 3227 1637 ἔμψυχον
3272 1555 3347 1620 ἐκ

847 1651 966 1736 γῆς
1010 1642 1384 1736 ἀνδριάντα
1425 1654 1649 1718 ποιῶν
1693 1645 1818 1718 οῦκ
1862 1647 2057 1737 α”λλῳ
2104 1654 2237 1718 τινὶ
2280 1644 2459 1718 ἀλλὰ
2504 1643 2605 1737 τῷ
2636 1647 2884 1718 ἑαυτοῦ
2914 1644 3099 1737 λόγῳ
3126 1676 3345 1738 παρα-

849 1745 1193 1818 κελεύεται
1225 1753 1469 1836 λέγων·
1518 1744 1950 1837 »ποιήσωμεν
1980 1746 2424 1834 ἄνθρωπονι,
2456 1741 2541 1816 ού
2558 1744 2686 1818 τὸν
2704 1743 2917 1818 αύτὸν
2945 1765 3089 1830 τοῖς
3108 1745 3344 1832 ἄλλοις

853 1843 1144 1933 τρόπον’
1220 1844 1398 1936 λόγῳ
1443 1847 1571 1936 γὰρ
1617 1843 1658 1936 ἦ
1699 1853 1883 1918 πᾶσα
1926 1851 2193 1936 ἐγένετο
2238 1853 2473 1929 κτίσις.

727 1953 834 2014 καὶ
886 1943 1158 2028 τούτοις
1199 1943 1352 2036 μεθ’
1399 1947 1591 2035 ἕτερα
1635 1951 1925 2035 ἐπιλέγει
3376 1969 3437 2023 39

853 2049 989 2130 (Nr.
1023 2053 1164 2132 108)
1213 2053 1362 2117 νυνὶ
1406 2050 1478 2116 δὲ
1521 2045 1820 2117 πιστεύω
1867 2066 2014 2129 ταῖς
2058 2053 2276 2128 θείαις
2318 2063 2635 2135 γραφαῖς,
2682 2039 2793 2116 ὅτι
2838 2045 2931 2127 εἷς
2972 2041 3153 2128 θεός.
3230 2053 3345 2116 καὶ

851 2141 888 2215 ὁ
932 2145 1191 2218 τούτου
1231 2143 1434 2236 λόγος
1473 2144 1688 2232 [θεὸς]
1729 2151 2089 2235 προῆλθεν
2129 2153 2255 2232 μὲν
2296 2151 2426 2218 τοῦ
2464 2143 2745 2234 πατρός,
2790 2147 2901 2214 ἵνα
2946 2141 3213 2216 »πάντα
3258 2143 3343 2215 δι’

850 2241 1098 2316 αύτοῦι
1149 2253 1444 2335 γένηται·
1515 2244 1686 2334 μετὰ
1731 2252 1801 2317 δὲ
1846 2245 1975 2317 τὸν
2016 2244 2259 2334 καιρὸν
2302 2251 2423 2335 τῆς
2482 2252 2769 2332 κρίσεως
2826 2251 2939 2314 καὶ
3000 2245 3132 2333 τὴν
3194 2251 3345 2316 τῶν

850 2340 1189 2417 ἁπάντων
1231 2343 1608 2435 διόρθωσιν
1647 2353 1758 2416 καὶ
1801 2343 1931 2416 τὸν
1972 2341 2360 2434 ἀφανισμὸν
2402 2350 2525 2433 τῆς
2578 2339 3041 2433 ἀντικειμένης
3082 2339 3345 2432 ἀπάσης

851 2449 1207 2533 ἐνεργείας,
1274 2441 1474 2516 »τότε
1535 2441 1741 2526 αὐτὸς
1799 2441 2301 2534 ὑποταγήσεται
2362 2452 2467 2535 τῷ
2525 2441 2954 2529 ὑποτάξαντι
3010 2438 3201 2533 αύτῷ
3258 2443 3345 2514 τὰ

850 2540 1114 2614 πάντα(
1167 2550 1350 2634 »θεῷ
1393 2550 1504 2614 καὶ
1548 2553 1816 2634 πατρία,
1864 2541 1948 2615 ἵν’
1980 2538 2205 2626 οὕτως
2232 2537 2275 2632 ᾗ
2304 2548 2382 2614 ἐν
2424 2551 2571 2634 θεῷ
2616 2539 2655 2613 ό
2700 2539 2921 2630 λόγος,
2970 2540 3199 2633 ὥσπερ
3230 2551 3346 2614 καὶ

851 2639 1198 2732 πρότερον
1240 2634 1330 2731 ἦν
1355 2641 1492 2730 πρὸ
1523 2649 1652 2713 τοῦ
1683 2641 1808 2714 τὸν
1835 2641 2095 2732 κόσμον
2136 2645 2329 2714 εἶναι.
2402 2639 2678 2724 οὐδενὸς
2708 2643 2834 2731 γὰρ
2865 2635 3071 2725 ὄντος
3096 2641 3343 2733 πρότε·

851 2770 978 2829 ρον
1008 2739 1051 2831 ἢ
1081 2748 1252 2816 θεοῦ
1284 2739 1514 2833 μόνου,
1561 2740 1851 2815 πάντων
1882 2749 1953 2815 δὲ
1983 2743 2093 2817 διὰ
2122 2748 2251 2815 τοῦ
2280 2738 2491 2830 λόγου
2533 2750 2881 2832 γίγνεσθαι
2911 2739 3343 2831 μελλόντων,

853 2848 1207 2932 προῆλθεν
1234 2838 1273 2913 ό
1305 2839 1510 2931 λόγος
1537 2849 1859 2933 δραστικῇ
1886 2849 2201 2936 ἐνεργείᾳ,
2234 2839 2272 2915 ὁ
2307 2842 2511 2932 λόγος
2538 2835 2744 2924 οὗτος
2770 2848 2901 2913 τοῦ
2928 2841 3189 2930 πατρὸς
3220 2840 3342 2915 ὧν.

725 2948 838 3014 καὶ
881 2940 1093 3014 πάλιν
1135 2942 1268 3032 τὴν
1311 2939 1528 3033 αὐτὴν
1571 2939 1881 3014 διάνοιαν
1926 2940 2335 3033 λευκότερον
2376 2951 2609 3032 τίθησι
2653 2948 2879 3030 λέγων
3376 2960 3441 3012 40

461 3146 631 3230 <w
690 3134 752 3164 ‘⁸

621 3556 690 3611 30

852 3047 990 3129 (ΝΥ.
1019 3049 1126 3127 54)
1171 3042 1308 3130 πρὸ
1353 3043 1478 3132 γὰρ
1523 3048 1652 3115 τοῦ
1693 3042 1824 3113 τὸν
1866 3039 2123 3132 κόσμον
2164 3046 2335 3115 εἶναι
2380 3035 2467 3132 ἦν
2510 3037 2549 3113 ό
2602 3037 2807 3129 λόγος
2850 3043 2925 3111 ἐν
2968 3048 3071 3131 τῷ
3113 3050 3343 3131 πατρί.

853 3137 970 3215 ὅτε
1011 3146 1084 3213 δὲ
1127 3136 1166 3214 δ
1211 3138 1714 3231 παντοκράτωρ
1759 3141 1923 3225 θεὸς
1982 3141 2215 3215 πάντα
2274 3142 2363 3214 τὰ
2422 3146 2499 3215 ἐν
2556 3138 2873 3226 ούρανοτς
2913 3147 3023 3211 καὶ
3068 3144 3179 3213 ἐπὶ
3222 3146 3345 3231 γῆς

851 3236 1202 3333 προύθετο
1247 3249 1540 3333 ποιῆσαι,
1584 3246 1916 3332 ἐνεργείας
1960 3238 2001 3331 ἦ
2046 3249 2171 3314 τοῦ
2212 3238 2473 3331 κόσμου
2496 3246 2609 3315 48’
2636 3247 2889 3329 γένεσις
2926 3244 3144 3311 ἐδεῖτο
3190 3247 3344 3330 δρα-

849 3349 1102 3432 στικῆς·
1157 3350 1270 3415 καὶ
1299 3340 1408 3412 διὰ
1437 3348 1668 3425 τοῦτο,
1697 3341 1987 3431 μηδενὸς
2018 3334 2223 3423 ὄντος
2254 3343 2489 3429 ἑτέρου
2516 3338 2702 3429 πλὴν
2734 3346 2858 3412 τοῦ
2886 3346 3061 3410 θεοῦ
3088 3336 3345 3425 (πάντα

849 3442 976 3531 γὰρ
1020 3436 1456 3531 ὁμολογεῖται
1497 3437 1610 3512 ὑπ’
1657 3438 1870 3513 αύτοῦ
1912 3447 2367 3530 γεγενῆσθαι),
2430 3436 2594 3510 τότε
2636 3434 2673 3508 ό
2718 3434 2925 3527 λόγος
2967 3440 3344 3527 προελθών

849 3546 1106 3629 ἐγίνετο
1151 3547 1278 3611 τοῦ
1319 3538 1574 3628 κόσμου
1616 3537 1926 3635 ποιητής,
1988 3536 2027 3613 ό
2070 3547 2183 3612 καὶ
2224 3537 2567 3628 πρότερον
2611 3541 2809 3608 ενδον
2854 3546 3125 3627 νοητῶς
3170 3568 3343 3611 ετοι-
3376 3559 3439 3610 41

1714 3630 1789 3645 ,Ἅ-

848 3638 1083 3729 μάζων
1127 3636 1354 3711 αὐτόν.
1393 3651 1404 3722 Ι
3378 3652 3452 3706 42

717 3748 838 3821 bcai
883 3732 1082 3824 αὖθις
1125 3738 1296 3829 μετὰ
1337 3735 1570 3811 πάντα
1612 3742 1915 3829 ἐπιφέρει
1960 3746 2185 3829 λέγων

851 3844 987 3926 <Nn
1019 3846 1123 3925 34)
1167 3847 1281 3909 καὶ
1323 3838 1430 3909 διὰ
1475 3844 1684 3909 τοῦτο
1729 3836 1853 3928 οὐχ
1894 3838 2045 3911 υἱὸν
2077 3846 2244 3911 θεοῦ
2273 3836 2521 3910 ἑαυτὸν
2560 3832 2891 3925 ὀνομάζει,
2938 3832 3147 3925 ἀλλ<ὰ
3178 3866 3343 3909 παν-

852 3946 1062 4028 ταχοῦ
1105 3937 1256 4009 υὶὸν
1298 3935 1679 4027 ἀνθρώπου
1724 3940 1969 4011 ἑαυτὸν
2012 3944 2238 4029 λέγει,>
2284 3942 2395 4009 ἵνα
2425 3937 2538 4009 διὰ
2566 3943 2686 4027 τῆς
2731 3934 3055 4025 τοιαύτης
3097 3932 3342 4021 ὁμολο·

895 4106 3341 4178 lssJoh.1‚3-191K0r15st8—24vglwd00001thn84—82vgl.

726 4212 794 4266 de
829 4212 959 4266 eool.
995 4212 1074 4264 th.
1113 4211 1180 4277 11,
1216 4210 1266 4275 8,
1303 4212 1336 4265 5

892 4362 934 4417 4
986 4358 1312 4429 ἐξετάζει-ξΞ
1364 4362 1492 4417 and.
1546 4362 1622 4415 St.
1675 4359 1957 4429 ἐξετάζειν
2010 4361 2059 4414 V
2129 4360 2138 4427 Ι
2206 4358 2247 4417 8
2298 4355 2475 4416 αὐτὸν
2528 4360 2578 4415 V
2630 4353 2835 4415 ἑαυτὸν
2886 4358 3015 4413 and.
3066 4359 3143 4412 st„
3196 4358 3209 4427 1
3261 4358 3339 4414 18

722 4466 899 4530 κτίσις
951 4484 984 4513 σε
1019 4484 1053 4513 κ
1087 4483 1120 4513 ι
1171 4482 1200 4517 r
1249 4464 1258 4531 Ι
1315 4464 1391 4519 18
1439 4459 1580 4527 θεὸς
1613 4470 1680 4521 <
1715 4462 1840 4516 and.
1879 4462 1955 4517 St..
2008 4463 2018 4529 Ι
2072 4463 2149 4517 22
2204 4458 2259 4530 ἢ]
2314 4466 2379 4524 -1-
2430 4468 2535 4517 τοῢ
2578 4460 2705 4515 and.
2740 4458 2824 4514 St.
2874 4461 2885 4528 1
2940 4460 3019 4517 23
3082 4456 3117 4515 ὃ
3168 4458 3343 4529 λόγος

726 4558 909 4635 οὗτος]
945 4564 1116 4636 λόγος
1151 4565 1276 4620 and.
1313 4565 1388 4618 st.
1421 4566 1430 4633 Ι
1461 4564 1540 4619 26
1571 4563 1690 4633 καὶ]
1717 4572 1781 4628 -1-
1802 4562 1876 4619 τὰ
1912 4564 2037 4618 and.
2066 4564 2143 4619 st.
2182 4565 2191 4631 Ι
2230 4563 2309 4621 28
2344 4568 2449 4619 τοῦ
2472 4574 2537 4621 <
2572 4562 2695 4617 and„
2714 4562 2792 4617 st.
2832 4564 2843 4631 1
2882 4562 2963 4618 80
2998 4556 3227 4629 ἐγένετο
3260 4578 3289 4615 t
3328 4563 3333 4614 ἔ

727 4662 1044 4735 ἑτοιμάζων
1079 4666 1205 4722 and.
1241 4667 1315 4720 St.
1357 4664 1660 4733 ὀνομάζων
1705 4667 1756 4718 V
1779 4665 1891 4735 vgl.
1916 4666 1965 4717 S.
1983 4667 2067 4730 40,
2088 4666 2153 4720 27
2206 4666 2215 4733 Ι
2271 4664 2390 4721 881
2420 4660 2819 4735 ἀλλὰ-λέγει
2852 4660 2981 4719 and.
3016 4662 3093 4717 St„
3128 4657 3254 4719 ἀλλ’
3286 4660 3339 4715 V
