3694 5582
1427 415 1619 467 contra
1652 413 1977 468 Marcellum
2010 414 2036 466 Ι
2069 419 2118 466 4.
2986 421 3066 483 23

571 567 720 659 ἦκει
761 578 1004 660 λέγειν,
1051 566 1162 644 ὅτι
1203 573 1361 663 ἄρτι
1402 581 1552 647 τῶν
1593 575 1770 646 κατὰ
1814 582 2231 663 φιλοσοφίαν
2274 571 2575 656 ἀποστὰς
2616 573 3067 665 μαθημάτων,

571 678 683 741 καὶ
745 689 890 754 τοῖς
948 681 1168 756 θείοις
1229 668 1542 763 ὁμιλῆσαι
1600 673 2060 764 προελόμενος
2115 672 2343 762 λόγοις
2386 675 2525 763 πρὸ
2570 680 2693 764 τῆς
2754 669 3068 762 ἀκριβοῦς

571 777 720 840 τών
763 781 1052 861 γραφῶν
1093 771 1568 864 καταλήψεως,
1615 772 1723 846 διὰ
1753 773 1834 846 τὸ
1864 773 2047 846 πολὺ
2075 781 2187 845 καὶ
2231 770 2597 863 φιλότιμον
2642 779 2763 863 τῆς
2808 779 3071 862 ἔξωθεν

569 869 982 954 παιδεύσεως
1011 879 1281 944 θᾶττον
1323 881 1451 945 τοῦ
1494 879 1772 956 δέοντος
1817 871 2191 964 ἀρξάμενος
2234 870 2703 964 [ὖπο]γράφειν
2751 870 2886 945 ὑπὸ
2918 882 3067 946 τῶν

371 987 408 1040 5
571 977 694 1059 τῆς
745 979 1157 1059 φιλοσοφίας
1205 971 1528 1063 παρήχθη
1591 970 1851 1063 λόγων,
1904 981 2019 1044 καί
2062 1003 2215 1046 τινα
2258 969 2341 1043 δι’
2388 969 2637 1056 αὐτοὺς
2698 971 2779 1045 οῦ
2838 983 3067 1057 καλῶς

567 1075 918 1159 γέγραφεν.
987 1078 1202 1161 δῆλον
1231 1077 1328 1144 δέ·
1371 1076 1474 1143 ἔτι
1501 1073 1628 1162 γὰρ
1658 1081 1806 1146 τῶν
1833 1071 2213 1156 Πλάτωνος
2239 1079 2653 1162 μεμνημένος
2682 1072 3064 1163 δογμάτων,

567 1176 680 1240 καὶ
707 1175 830 1260 τῆς
858 1179 1012 1242 τῶν
1038 1168 1268 1261 ἀρχῶν
1295 1169 1452 1262 παρ’
1486 1170 1674 1263 αὐτῷ
1719 1179 2069 1262 διαφορᾶς,
2115 1181 2336 1244 ΠΕΡΙ
2366 1179 2427 1241 A
2437 1180 2699 1244 ΡΧΩΝ
2731 1181 3066 1264 γέγραφεν
3098 1187 3166 1242 25

565 1277 843 1355 βιβλίον,
889 1277 999 1340 καὶ
1030 1268 1293 1361 ταύτην
1336 1280 1440 1362 τῷ
1487 1271 1947 1361 συγγράμματι
1980 1272 2107 1363 τὴν
2138 1273 2522 1362 ἐπιγραφὴν
2552 1277 2772 1345 ἔθετο.
2834 1280 3065 1364 δεῖγμα

565 1374 638 1439 δὲ
665 1369 924 1442 τούτου
948 1377 1266 1460 μέγιστον
1311 1371 1392 1443 τὸ
1435 1377 1600 1462 μηδὲ
1629 1371 1935 1444 ἄλλοθέν
1964 1381 2190 1444 ποθεν
2232 1373 2362 1458 τὴν
2391 1370 2605 1463 ἀρχὴν
2634 1381 2781 1445 τῶν
2812 1381 3064 1462 λέξεων

331 1488 406 1542 10
567 1463 780 1540 αὐτὸν
821 1466 867 1560 ἢ
910 1469 1040 1560 τὴν
1085 1471 1468 1562 ἐπιγραφὴν
1530 1476 1656 1543 τοῦ
1715 1480 1977 1558 βιβλίου
2036 1470 2479 1560 ποιήσασθαι,
2544 1470 2688 1545 ἀλλ’
2734 1471 2871 1546 άπὸ
2918 1480 3065 1545 τῶν

563 1566 891 1641 Πλάτωνι
951 1577 1350 1659 λεχθέντων
1409 1568 1760 1660 ῥημάτων·
1820 1577 2156 1662 γέγραφεν
2213 1571 2339 1662 γὰρ
2400 1569 2769 1662 ἀρχόμενος
2812 1566 3062 1656 οῦτως·

561 1671 636 1739 οἱ
677 1668 1310 1754 πεπιστευκότες
1350 1678 1480 1741 καὶ
1520 1678 2070 1760 πεπεισμένοι,
2128 1678 2336 1743 τοῦτο
2383 1671 2531 1762 <τὸ>
2577 1672 2789 1763 ῥητὸν
2832 1666 3058 1758 οὕτως
3095 1685 3165 1740 26

561 1773 914 1858 εἰρημένον
955 1764 1174 1859 εῦροις
1217 1768 1303 1841 ἂν
1345 1775 1420 1842 ἐν
1463 1775 1568 1859 τῷ
1616 1778 1867 1860 Γοργίᾳ
1910 1769 2299 1856 Πλάτωνος.

435 1861 580 1938 οὔτ’
628 1873 686 1938 εἰ
737 1873 1044 1957 ἐφέρετο,
1104 1866 1388 1960 ἤνεγκεν
1447 1867 1535 1940 ἂν
1595 1869 1919 1960 διαβολὴν
1969 1868 2285 1960 ’.Ωριγένει
2338 1870 2575 1959 φάντι·
2652 1875 2727 1943 οἱ
2786 1897 3055 1944 πεπισ-

331 1989 400 2042 15
434 1965 818 2052 τευκότες
872 1966 960 2058 [ἢ]
1027 1977 1154 2041 καὶ
1215 1977 1763 2059 πεπεισμένοι,
1808 1977 1921 2042 καὶ
1964 1969 2347 2058 συνάψαντι
2391 1974 2563 2063 ἑξῆς·
2626 1970 2773 2060 τὴν
2826 1969 3056 2061 χάριν

434 2074 564 2139 καὶ
609 2067 756 2156 τὴν
799 2066 1192 2158 ἀλήθειαν
1241 2067 1412 2140 »διὰ
1453 2066 1702 2158 Ἰησοῦ
1732 2075 2127 2158 Χριστοῦ(
2183 2078 2602 2158 γεγονέναι
2646 2077 2775 2142 καὶ
2820 2076 3057 2159 Χρισ-

433 2166 579 2240 τὸν
658 2168 864 2240 εἶναι
939 2169 1086 2259 τὴν
1163 2166 1563 2259 ἀλήθειαν
1637 2170 1836 2240 κατὰ
1914 2169 2007 2242 τὸ
2085 2172 2507 2259 εἰρημένον
2578 2166 2710 2241 ὕπ’
2782 2165 3055 2242 αὐτοῦ·

441 2269 634 2356 »ἐγώ
694 2273 849 2358 εἰμι
911 2265 954 2356 ἦ
1018 2265 1426 2358 άλήθειαι.
1509 2277 1676 2340 ποία
1736 2269 1863 2359 γὰρ
1920 2268 2097 2358 πρὸς
2157 2275 2375 2341 ταῦτα
2432 2277 2764 2340 κοινωνία
2804 2264 3056 2360 γένοιτ’

434 2367 521 2439 ἄν
581 2397 754 2441 ποτε
813 2365 1166 2454 Πλάτωνι;
1228 2367 1426 2441 οῦδὲν
1475 2366 1858 2453 Πλάτωνος
1924 2377 2147 2440 ΠΕΡΙ
2188 2375 2519 2440 ΑΡΧῼΝ
2563 2368 3056 2458 μνημονεύεται
3092 2379 3158 2434 27

323 2485 398 2540 20
431 2476 720 2555 βιβλίον,
790 2465 946 2539 οὐδὲ
1005 2465 1344 2558 Ὠριγένης
1405 2463 1658 2558 ομοίως
1717 2477 1873 2559 περὶ
1934 2464 2165 2558 άρχῶν
2224 2465 2536 2556 ἐδόξασεν
2596 2465 2951 2554 Πλάτωνι,
3013 2498 3052 2539 ο

429 2576 590 2656 μίαν
631 2567 851 2658 μόνην
895 2567 1024 2659 τὴν
1061 2564 1396 2657 άγένητον
1441 2578 1554 2638 καὶ
1585 2567 1885 2696 ἄναρχον
1926 2577 2039 2640 καὶ
2084 2572 2389 2640 ἐπέκεινα
2432 2576 2581 2640 τῶν
2624 2561 2818 2642 ολων
2858 2569 3053 2651 εἰδώς

430 2664 664 2758 άρχήν,
712 2665 970 2757 ταύτην
1014 2697 1090 2738 τε
1133 2670 1304 2740 εἶναι
1331 2669 1656 2756 atat-‘foa‘
1631 2667 1785 2753 ενὸς
1813 2675 2221 2758 μονογενοῦς
2265 2671 2432 2752 υἱοῦ,
2479 2663 2561 2738 δι
2594 2659 2675 2739 οὗ
2708 2697 2793 2740 τα
2822 2665 3051 2741 πάντα

428 2773 720 2858 γέγονεν.
807 2762 846 2839 ὁ
901 2773 972 2839 δὲ
1013 2775 1125 2837 καὶ
1169 2771 1242 2840 ἐν
1285 2767 1562 2850 τούτοις
1603 2763 1979 2858 ’.Ωριγένους
2021 2764 2617 2857 καταψευσάμενος
2658 2763 2813 2857 μεθ’
2857 2768 3052 2858 ἕτερα

426 2874 841 2957 προστίθησι
883 2875 1106 2957 λέγων
3086 2877 3155 2931 28

319 2994 391 3047 25
555 2968 690 3053 (Nr.
726 2971 828 3053 15)
869 2962 1208 3055 Ἀστερίου
1251 2966 1376 3059 γὰρ
1412 2965 1763 3059 εἰρηκότος
1804 2967 1959 3058 πρὸ
2004 2975 2169 3041 τῶν
2212 2970 2531 3042 αἰώνων
2574 2973 3053 3057 γεγενῆσθαι

243 3082 380 3136 ’Ἃρ
556 3065 702 3137 τὸν
745 3064 1017 3155 λόγον,
1063 3063 1232 3140 αὐτὸ
1271 3065 1352 3140 τὸ
1400 3067 1616 3157 ῥητὸν
1660 3067 1877 3141 αῦτὸν
1920 3074 2169 3158 ἐλέγχει
2220 3066 2665 3157 ψευδόμενον·
2734 3066 2910 3140 ὥστε
2961 3068 3051 3158 μὴ

554 3163 770 3255 μόνον
814 3162 1027 3237 αὐτὸν
1071 3173 1199 3239 τοῦ
1237 3166 1655 3259 πράγματος,
1699 3165 1876 3239 ἀλλὰ
1919 3174 2032 3239 καὶ
2061 3174 2189 3240 τοῦ
2214 3166 2601 3259 γράμματος
2643 3174 3049 3256 διαμαρτεῖν.

558 3268 614 3337 εἰ
658 3266 784 3355 γὰρ
843 3266 1014 3354 »πρὸ
1061 3273 1188 3339 τοῦ
1232 3274 1484 3351 αἰῶνος
1525 3272 1977 3357 ἐθεμελίωσέν
2032 3296 2146 3357 με(
2200 3274 2407 3356 φησὶν
2448 3272 2561 3341 37·
2616 3264 2657 3356 ἦ
2700 3274 3050 3356 Παροιμία,

558 3374 710 3449 πῶς
761 3362 968 3449 αὐτὸς
1011 3374 1492 3457 γεγενῆσθαι
1546 3364 1790 3438 αὐτὸν
1841 3366 1995 3457 πρὸ
2042 3376 2208 3439 τῶν
2250 3367 2572 3437 αἰώνων
2614 3368 2776 3455 ἔφη,·
2820 3368 3053 3454 ἕτερον

315 3492 390 3545 30
551 3465 676 3555 γὰρ
733 3464 868 3555 πρὸ
931 3474 1056 3537 τοῦ
1098 3473 1353 3549 αἰῶνος
1395 3474 1935 3557 τεθεμελιώσθαι
1993 3463 2227 3551 αὐτόν,
2282 3474 2393 3539 καὶ
2440 3467 2671 3555 ἕτερον
2713 3464 2849 3555 πρὸ
2905 3473 3051 3537 τῶν

552 3565 832 3638 αἰώνων
873 3571 1290 3655 γεγενῆσθαι.

599 3736 674 3792 12
711 3735 976 3807 Origenes
1009 3737 1078 3792 de
1101 3737 1273 3808 princ.
1295 3738 1322 3791 I
1345 3738 1527 3807 praefi:
1565 3754 1756 3793 omnes
1793 3737 1891 3807 qui
1924 3736 2157 3791 credunt
2190 3738 2247 3791 et
2281 3736 2418 3791 certi
2453 3738 2581 3790 sunt
2605 3735 2754 3805 quod
2788 3738 2845 3789 et
2867 3734 3050 3805 gratia

421 3840 482 3894 et
517 3837 720 3893 ueritas
757 3854 854 3908 per
892 3838 1071 3893 Iesum
1107 3838 1386 3893 Christum
1418 3838 1569 3894 faeta
1603 3839 1698 3905 sit,
1745 3841 1802 3893 eb
1835 3838 2115 3893 Christum
2147 3837 2439 3892 ueritatem
2474 3854 2589 3892 esse
2624 3839 2827 3892 norunt
2860 3853 3047 3891 secun-

424 3940 558 3994 dum
602 3938 750 4009 quod
793 3939 906 4011 ipse
943 3939 1107 3995 dixit:
1159 3957 1300 4009 „ego
1345 3958 1468 3995 sum
1501 3941 1740 3996 ueritae“
1785 3943 1889 3995 eto.
1926 3970 1993 3979 -·
2040 3940 2118 3995 14
2152 3939 2355 3993 Platon
2393 3938 2561 4009 Gorg.
2594 3940 2697 3994 454
2730 3938 2853 3991 DE:
2904 3934 3047 3994 ἀλλὰ

419 4042 538 4110 μὴν
573 4036 636 4096 οἳ
653 4038 716 4097 τὲ
739 4060 804 4112 γε
827 4040 1233 4111 μεμαθηκότες
1264 4041 1634 4112 πεπεισμένοι
1667 4040 1777 4097 εἰσὶ
1809 4042 1909 4096 καὶ
1942 4038 1999 4096 οὶ
2033 4038 2483 4105 πεπιστευκότες.
2554 4040 2705 4094 Zahn
2741 4039 3049 4109 vergleioht

419 4143 569 4197 noch
616 4142 668 4195 11
702 4142 843 4199 Tim.
879 4146 926 4209 1,
965 4144 1056 4208 123
1103 4142 1299 4197 Justin.
1336 4143 1498 4213 Apol.
1533 4144 1574 4207 I,
1611 4145 1659 4210 8,
1697 4146 1730 4198 3
1765 4160 1817 4197 ιι.
1856 4147 1929 4208 ὃ.;
1976 4142 2145 4197 Clem.
2182 4143 2338 4197 Alex.
2376 4142 2574 4197 Strom.
2612 4142 2677 4206 V,
2704 4142 2771 4197 85
2806 4169 2873 4179 —
2912 4139 3053 4197 1411*

419 4244 535 4314 vgl.
573 4262 642 4298 zu
675 4244 737 4300 Z.
775 4248 840 4302 13
871 4274 937 4285 —
976 4245 1052 4303 16
1090 4244 1214 4301 Joh.
1252 4248 1298 4313 1,
1337 4247 1402 4299 17
1438 4274 1506 4287 -
1544 4244 1622 4301 18
1656 4244 1778 4299 Joh.
1818 4246 1897 4309 14,
1934 4244 1968 4299 6
2003 4272 2071 4284 --
2104 4243 2184 4298 22
2223 4243 2346 4297 Joh.
2384 4246 2431 4306 1,
2467 4245 2500 4297 3

593 4395 633 4451 4
666 4396 914 4466 γράφειν
947 4396 1030 4451 Re
1075 4398 1086 4465 l
1138 4397 1178 4452 9
1214 4402 1384 4451 τοῦτο
1421 4393 1488 4463 V,
1524 4410 1661 4451 corr.
1687 4392 1766 4449 Re
1812 4395 1821 4461 Ι
1874 4394 1949 4450 12
2004 4390 2438 4461 πεπιστευμένοι
2471 4390 2537 4458 V,
2573 4408 2709 4445 corr.
2744 4392 2895 4446 Zahn
2932 4390 3043 4460 vgl.

420 4496 626 4552 Platon
659 4514 712 4552 u.
734 4496 882 4567 Orig.
933 4500 942 4565 Ι
991 4494 1055 4552 τὸ
1093 4514 1148 4551 ιιι
1193 4498 1204 4565 Ι
1254 4497 1331 4554 15
1369 4494 1406 4565 ἢ
1440 4499 1534 4551 etr.
1559 4496 1634 4551 m
1657 4496 1768 4567 vgl.
1806 4496 1861 4550 Z.
1888 4498 1953 4551 12
1988 4514 2040 4551 u.
2078 4494 2233 4565 Orig.
2280 4496 2289 4562 Ι
2336 4490 2774 4561 πεπιστευμένοι
2812 4491 2883 4560 V,
2932 4489 3043 4561 vgl.

420 4620 490 4657 zu
523 4599 578 4653 Ζ.
615 4601 680 4654 13
728 4602 736 4668 Ι
785 4599 866 4656 30
903 4592 1076 4664 αὐτὸς
1111 4616 1190 4660 ιιι,
1227 4593 1371 4654 αὐτὸ
1409 4595 1460 4649 V
