<?xml version="1.0" encoding="UTF-8"?>
<!DOCTYPE html PUBLIC "-//W3C//DTD XHTML 1.0 Transitional//EN"
    "http://www.w3.org/TR/xhtml1/DTD/xhtml1-transitional.dtd">
<html xmlns="http://www.w3.org/1999/xhtml" xml:lang="en" lang="en">
 <head>
  <title>
</title>
<meta http-equiv="Content-Type" content="text/html;charset=utf-8" />
  <meta name='ocr-system' content='tesseract 3.04.00' />
  <meta name='ocr-capabilities' content='ocr_page ocr_carea ocr_par ocr_line ocrx_word'/>
</head>
<body>
  <div class='ocr_page' id='page_1' title='image "./werkevolume00eusegoog/werkevolume00eusegoog_0216.png"; bbox 0 0 3694 5582; ppageno 0'>
   <div class='ocr_carea' id='block_1_1' title="bbox 1191 506 3052 577">
    <p class='ocr_par' dir='ltr' id='par_1_1' title="bbox 1191 506 3052 577">
     <span class='ocr_line' id='line_1_1' title="bbox 1191 506 3052 577; baseline 0.005 -16"><span class='ocrx_word' id='word_1_1' title='bbox 1191 508 1259 562; x_wconf 80' lang='lat' dir='ltr'><strong><em>de</em></strong></span> <span class='ocrx_word' id='word_1_2' title='bbox 1293 507 1664 563; x_wconf 68' lang='lat' dir='ltr'><strong>ecclesiastica</strong></span> <span class='ocrx_word' id='word_1_3' title='bbox 1695 506 1981 577; x_wconf 70' lang='lat' dir='ltr'>theologia</span> <span class='ocrx_word' id='word_1_4' title='bbox 2013 507 2091 560; x_wconf 95' lang='lat' dir='ltr'><strong><em>III</em></strong></span> <span class='ocrx_word' id='word_1_5' title='bbox 2130 508 2331 563; x_wconf 87' lang='grc'><strong>15.16.</strong></span> <span class='ocrx_word' id='word_1_6' title='bbox 2936 516 3052 577; x_wconf 86' lang='grc'><strong>175</strong></span> 
     </span>
    </p>
   </div>
   <div class='ocr_carea' id='block_1_2' title="bbox 316 663 3307 4049">
    <p class='ocr_par' dir='ltr' id='par_1_2' title="bbox 316 663 3307 4049">
     <span class='ocr_line' id='line_1_2' title="bbox 431 663 3051 764; baseline -0.002 -17"><span class='ocrx_word' id='word_1_7' title='bbox 431 682 658 764; x_wconf 87' lang='grc' dir='ltr'><strong><em>πατρί,</em></strong></span> <span class='ocrx_word' id='word_1_8' title='bbox 706 669 791 745; x_wconf 77' lang='grc' dir='ltr'><strong><em>ὅῧ</em></strong></span> <span class='ocrx_word' id='word_1_9' title='bbox 830 668 1256 761; x_wconf 81' lang='grc' dir='ltr'><strong><em>παυσόμενος</em></strong></span> <span class='ocrx_word' id='word_1_10' title='bbox 1297 676 1422 759; x_wconf 83' lang='grc' dir='ltr'><strong><em>τῆς</em></strong></span> <span class='ocrx_word' id='word_1_11' title='bbox 1463 678 1798 757; x_wconf 80' lang='grc' dir='ltr'><strong><em>βασιλείας</em></strong></span> <span class='ocrx_word' id='word_1_12' title='bbox 1843 665 1995 741; x_wconf 74' lang='grc' dir='ltr'><strong><em>οὐδ’</em></strong></span> <span class='ocrx_word' id='word_1_13' title='bbox 2042 663 2425 757; x_wconf 74' lang='grc' dir='ltr'><em>ἀναχωρῶν</em></span> <span class='ocrx_word' id='word_1_14' title='bbox 2468 666 2695 757; x_wconf 78' lang='grc' dir='ltr'><strong><em>αὐτῆς,</em></strong></span> <span class='ocrx_word' id='word_1_15' title='bbox 2742 666 2895 741; x_wconf 72' lang='grc' dir='ltr'><strong><em>οὐδὲ</em></strong></span> <span class='ocrx_word' id='word_1_16' title='bbox 2925 670 3051 759; x_wconf 81' lang='grc' dir='ltr'><strong><em>γὰρ</em></strong></span> 
     </span>
     <span class='ocr_line' id='line_1_3' title="bbox 429 762 3052 861; baseline -0.002 -16"><span class='ocrx_word' id='word_1_17' title='bbox 429 773 807 857; x_wconf 82' lang='grc' dir='ltr'><strong><em>παύσεσθαι</em></strong></span> <span class='ocrx_word' id='word_1_18' title='bbox 869 768 1082 843; x_wconf 76' lang='grc' dir='ltr'><strong><em>αὐτὸν</em></strong></span> <span class='ocrx_word' id='word_1_19' title='bbox 1149 776 1268 861; x_wconf 82' lang='grc' dir='ltr'><strong><em>τῆς</em></strong></span> <span class='ocrx_word' id='word_1_20' title='bbox 1320 778 1656 855; x_wconf 74' lang='grc' dir='ltr'><strong><em>βασιλείας</em></strong></span> <span class='ocrx_word' id='word_1_21' title='bbox 1700 764 1738 840; x_wconf 82' lang='lat'><em>6</em></span> <span class='ocrx_word' id='word_1_22' title='bbox 1781 780 1972 850; x_wconf 86' lang='grc' dir='ltr'><strong><em>θεῖος</em></strong></span> <span class='ocrx_word' id='word_1_23' title='bbox 2026 765 2416 852; x_wconf 90' lang='grc' dir='ltr'><strong><em>ἀπόστολος</em></strong></span> <span class='ocrx_word' id='word_1_24' title='bbox 2460 773 2588 858; x_wconf 89' lang='grc' dir='ltr'><strong><em>έφη</em></strong></span> <span class='ocrx_word' id='word_1_25' title='bbox 2651 762 2716 860; x_wconf 84' lang='grc' dir='ltr'><strong><em>(ἦ</em></strong></span> <span class='ocrx_word' id='word_1_26' title='bbox 2777 770 2903 859; x_wconf 83' lang='grc' dir='ltr'><strong><em>γὰρ</em></strong></span> <span class='ocrx_word' id='word_1_27' title='bbox 2968 767 3052 842; x_wconf 82' lang='grc' dir='ltr'><strong><em>ἀν</em></strong></span> 
     </span>
     <span class='ocr_line' id='line_1_4' title="bbox 431 867 3051 960; baseline -0.002 -15"><span class='ocrx_word' id='word_1_28' title='bbox 431 871 759 946; x_wconf 87' lang='grc' dir='ltr'><strong><em>τάναντία</em></strong></span> <span class='ocrx_word' id='word_1_29' title='bbox 805 876 1092 960; x_wconf 79' lang='grc' dir='ltr'><strong><em>ἔγραφεν</em></strong></span> <span class='ocrx_word' id='word_1_30' title='bbox 1136 876 1238 960; x_wconf 84' lang='grc' dir='ltr'><strong><em>τῷ</em></strong></span> <span class='ocrx_word' id='word_1_31' title='bbox 1286 869 1582 959; x_wconf 81' lang='grc' dir='ltr'><strong><em>Γαβριὴλ</em></strong></span> <span class='ocrx_word' id='word_1_32' title='bbox 1634 876 2039 940; x_wconf 88' lang='grc' dir='ltr'><strong><em>θεσπίσαντι</em></strong></span> <span class='ocrx_word' id='word_1_33' title='bbox 2091 867 2264 957; x_wconf 86' lang='grc' dir='ltr'><strong><em>πρὸς</em></strong></span> <span class='ocrx_word' id='word_1_34' title='bbox 2308 868 2436 959; x_wconf 84' lang='grc' dir='ltr'><strong><em>τὴν</em></strong></span> <span class='ocrx_word' id='word_1_35' title='bbox 2478 876 2833 956; x_wconf 75' lang='grc' dir='ltr'><strong><em>παρθένον</em></strong></span> <span class='ocrx_word' id='word_1_36' title='bbox 2874 878 3051 953; x_wconf 84' lang='grc' dir='ltr'><strong><em>βασι-</em></strong></span> 
     </span>
     <span class='ocr_line' id='line_1_5' title="bbox 429 968 3051 1057; baseline -0.001 -12"><span class='ocrx_word' id='word_1_37' title='bbox 429 970 688 1045; x_wconf 88' lang='grc' dir='ltr'><strong><em>λεύσειν</em></strong></span> <span class='ocrx_word' id='word_1_38' title='bbox 732 968 946 1043; x_wconf 84' lang='grc' dir='ltr'><strong><em>αύτόν</em></strong></span> <span class='ocrx_word' id='word_1_39' title='bbox 989 975 1118 1052; x_wconf 73' lang='grc' dir='ltr'><strong><em>»εἰς</em></strong></span> <span class='ocrx_word' id='word_1_40' title='bbox 1163 969 1323 1051; x_wconf 86' lang='grc' dir='ltr'><strong><em>τούς</em></strong></span> <span class='ocrx_word' id='word_1_41' title='bbox 1368 976 1622 1051; x_wconf 82' lang='grc' dir='ltr'><strong><em>αἰῶνας</em></strong></span> <span class='ocrx_word' id='word_1_42' title='bbox 1664 976 1774 1040; x_wconf 84' lang='grc' dir='ltr'><strong><em>καὶ</em></strong></span> <span class='ocrx_word' id='word_1_43' title='bbox 1821 974 1943 1055; x_wconf 86' lang='grc' dir='ltr'><strong><em>τῆς</em></strong></span> <span class='ocrx_word' id='word_1_44' title='bbox 1988 976 2321 1053; x_wconf 80' lang='grc' dir='ltr'><strong><em>βασιλείας</em></strong></span> <span class='ocrx_word' id='word_1_45' title='bbox 2350 968 2596 1044; x_wconf 76' lang='grc' dir='ltr'><strong><em>αύτοῦ«</em></strong></span> <span class='ocrx_word' id='word_1_46' title='bbox 2646 968 2735 1057; x_wconf 88' lang='grc' dir='ltr'><strong><em>μὴ</em></strong></span> <span class='ocrx_word' id='word_1_47' title='bbox 2780 970 3051 1042; x_wconf 80' lang='grc' dir='ltr'><strong><em>ἔσεσθαι</em></strong></span> 
     </span>
     <span class='ocr_line' id='line_1_6' title="bbox 359 1064 3051 1160; baseline -0.002 -15"><span class='ocrx_word' id='word_1_48' title='bbox 359 1085 393 1139; x_wconf 88' lang='grc'>5</span> <span class='ocrx_word' id='word_1_49' title='bbox 435 1078 760 1159; x_wconf 76' lang='grc' dir='ltr'><strong><em>»τέλος«),</em></strong></span> <span class='ocrx_word' id='word_1_50' title='bbox 817 1068 992 1144; x_wconf 80' lang='grc' dir='ltr'><strong><em>ἀλλὰ</em></strong></span> <span class='ocrx_word' id='word_1_51' title='bbox 1043 1069 1477 1158; x_wconf 78' lang='grc' dir='ltr'><strong><em>παραδώσειν</em></strong></span> <span class='ocrx_word' id='word_1_52' title='bbox 1526 1067 1693 1159; x_wconf 70' lang='grc' dir='ltr'><strong><em>»τὴν</em></strong></span> <span class='ocrx_word' id='word_1_53' title='bbox 1735 1076 2146 1153; x_wconf 69' lang='grc' dir='ltr'><strong><em>βασιλείανι,</em></strong></span> <span class='ocrx_word' id='word_1_54' title='bbox 2196 1070 2447 1160; x_wconf 85' lang='grc' dir='ltr'><strong><em>δηλαδὴ</em></strong></span> <span class='ocrx_word' id='word_1_55' title='bbox 2492 1072 2655 1151; x_wconf 83' lang='grc' dir='ltr'><strong><em>τούς</em></strong></span> <span class='ocrx_word' id='word_1_56' title='bbox 2697 1064 2811 1139; x_wconf 71' lang='grc' dir='ltr'><strong><em>ὑπ’</em></strong></span> <span class='ocrx_word' id='word_1_57' title='bbox 2859 1066 3051 1159; x_wconf 82' lang='grc' dir='ltr'><strong><em>αύτῷ</em></strong></span> 
     </span>
     <span class='ocr_line' id='line_1_7' title="bbox 427 1166 3117 1261; baseline -0.001 -18"><span class='ocrx_word' id='word_1_58' title='bbox 427 1178 1008 1259; x_wconf 82' lang='grc' dir='ltr'><strong><em>βασιλευομένους,</em></strong></span> <span class='ocrx_word' id='word_1_59' title='bbox 1076 1177 1216 1260; x_wconf 78' lang='grc' dir='ltr'><strong><em>»τῷ</em></strong></span> <span class='ocrx_word' id='word_1_60' title='bbox 1269 1176 1417 1259; x_wconf 83' lang='grc' dir='ltr'><strong><em>θεῷ</em></strong></span> <span class='ocrx_word' id='word_1_61' title='bbox 1461 1177 1572 1239; x_wconf 87' lang='grc' dir='ltr'><strong><em>καὶ</em></strong></span> <span class='ocrx_word' id='word_1_62' title='bbox 1614 1177 1884 1256; x_wconf 66' lang='grc' dir='ltr'><strong><em>πατρία.</em></strong></span> <span class='ocrx_word' id='word_1_63' title='bbox 1970 1176 2465 1253; x_wconf 78' lang='grc' dir='ltr'><strong><em>τελειωθέντας</em></strong></span> <span class='ocrx_word' id='word_1_64' title='bbox 2526 1170 2651 1261; x_wconf 82' lang='grc' dir='ltr'><strong><em>γὰρ</em></strong></span> <span class='ocrx_word' id='word_1_65' title='bbox 2698 1166 2811 1241; x_wconf 73' lang='grc' dir='ltr'><strong><em>ὑπ’</em></strong></span> <span class='ocrx_word' id='word_1_66' title='bbox 2859 1168 3047 1261; x_wconf 82' lang='grc' dir='ltr'><strong><em>αύτῷ</em></strong></span> <span class='ocrx_word' id='word_1_67' title='bbox 3082 1189 3117 1240; x_wconf 84' lang='grc'>4</span> 
     </span>
     <span class='ocr_line' id='line_1_8' title="bbox 427 1265 3045 1361; baseline -0.001 -20"><span class='ocrx_word' id='word_1_68' title='bbox 427 1271 590 1354; x_wconf 81' lang='grc' dir='ltr'><strong><em>τοὺς</em></strong></span> <span class='ocrx_word' id='word_1_69' title='bbox 629 1267 895 1354; x_wconf 81' lang='grc' dir='ltr'><strong><em>πάντας</em></strong></span> <span class='ocrx_word' id='word_1_70' title='bbox 939 1268 1186 1343; x_wconf 83' lang='grc' dir='ltr'><strong><em>ώσανεὶ</em></strong></span> <span class='ocrx_word' id='word_1_71' title='bbox 1231 1265 1764 1359; x_wconf 87' lang='grc' dir='ltr'><strong><em>φαιδρυνόμενος</em></strong></span> <span class='ocrx_word' id='word_1_72' title='bbox 1817 1275 1921 1359; x_wconf 82' lang='grc' dir='ltr'><strong><em>τῷ</em></strong></span> <span class='ocrx_word' id='word_1_73' title='bbox 1966 1270 2457 1360; x_wconf 74' lang='grc' dir='ltr'><strong><em>κατορθώματι</em></strong></span> <span class='ocrx_word' id='word_1_74' title='bbox 2509 1271 2898 1360; x_wconf 88' lang='grc' dir='ltr'><strong><em>παραδώσει</em></strong></span> <span class='ocrx_word' id='word_1_75' title='bbox 2942 1278 3045 1361; x_wconf 79' lang='grc' dir='ltr'><strong><em>τῷ</em></strong></span> 
     </span>
     <span class='ocr_line' id='line_1_9' title="bbox 427 1362 3053 1461; baseline 0 -19"><span class='ocrx_word' id='word_1_76' title='bbox 427 1378 638 1461; x_wconf 88' lang='grc' dir='ltr'><strong><em>πατρὶ</em></strong></span> <span class='ocrx_word' id='word_1_77' title='bbox 683 1367 791 1442; x_wconf 76' lang='grc' dir='ltr'><strong><em>οἷά</em></strong></span> <span class='ocrx_word' id='word_1_78' title='bbox 836 1399 990 1441; x_wconf 89' lang='grc' dir='ltr'><strong><em>τινα</em></strong></span> <span class='ocrx_word' id='word_1_79' title='bbox 1034 1367 1449 1459; x_wconf 84' lang='grc' dir='ltr'><strong><em>παραθήκην</em></strong></span> <span class='ocrx_word' id='word_1_80' title='bbox 1480 1365 2038 1458; x_wconf 76' lang='grc' dir='ltr'><strong><em>ἀποδεδεγμένος·</em></strong></span> <span class='ocrx_word' id='word_1_81' title='bbox 2083 1362 2121 1439; x_wconf 79' lang='grc' dir='ltr'>ὃ</span> <span class='ocrx_word' id='word_1_82' title='bbox 2154 1369 2235 1458; x_wconf 88' lang='grc' dir='ltr'><strong><em>δὴ</em></strong></span> <span class='ocrx_word' id='word_1_83' title='bbox 2266 1369 2559 1443; x_wconf 78' lang='grc' dir='ltr'><strong><em>διδάσκει</em></strong></span> <span class='ocrx_word' id='word_1_84' title='bbox 2591 1378 2817 1461; x_wconf 84' lang='grc' dir='ltr'><strong><em>λέγων</em></strong></span> <span class='ocrx_word' id='word_1_85' title='bbox 2848 1366 3053 1456; x_wconf 83' lang='grc' dir='ltr'><strong><em>αύτὸς</em></strong></span> 
     </span>
     <span class='ocr_line' id='line_1_10' title="bbox 434 1466 3053 1560; baseline 0 -19"><span class='ocrx_word' id='word_1_86' title='bbox 434 1466 696 1542; x_wconf 75' lang='grc' dir='ltr'><strong><em>»πάντα</em></strong></span> <span class='ocrx_word' id='word_1_87' title='bbox 741 1497 856 1558; x_wconf 89' lang='grc' dir='ltr'><strong><em>μοι</em></strong></span> <span class='ocrx_word' id='word_1_88' title='bbox 909 1466 1262 1560; x_wconf 82' lang='grc' dir='ltr'><strong><em>παρεδόθη</em></strong></span> <span class='ocrx_word' id='word_1_89' title='bbox 1323 1466 1458 1541; x_wconf 83' lang='grc' dir='ltr'><strong><em>ύπό</em></strong></span> <span class='ocrx_word' id='word_1_90' title='bbox 1519 1475 1648 1542; x_wconf 83' lang='grc' dir='ltr'><strong><em>τοῦ</em></strong></span> <span class='ocrx_word' id='word_1_91' title='bbox 1707 1466 1969 1557; x_wconf 89' lang='grc' dir='ltr'><strong><em>πατρός</em></strong></span> <span class='ocrx_word' id='word_1_92' title='bbox 2028 1497 2213 1557; x_wconf 71' lang='grc' dir='ltr'><strong><em>μουι.</em></strong></span> <span class='ocrx_word' id='word_1_93' title='bbox 2303 1469 2407 1541; x_wconf 87' lang='grc' dir='ltr'><strong><em>διὸ</em></strong></span> <span class='ocrx_word' id='word_1_94' title='bbox 2469 1467 2877 1555; x_wconf 75' lang='grc' dir='ltr'><strong><em>ἀκολούθως</em></strong></span> <span class='ocrx_word' id='word_1_95' title='bbox 2942 1468 3053 1543; x_wconf 77' lang='grc' dir='ltr'><strong><em>οἶα</em></strong></span> 
     </span>
     <span class='ocr_line' id='line_1_11' title="bbox 324 1565 3051 1662; baseline 0.002 -25"><span class='ocrx_word' id='word_1_96' title='bbox 324 1585 394 1639; x_wconf 81' lang='grc'><strong>10</strong></span> <span class='ocrx_word' id='word_1_97' title='bbox 429 1569 650 1657; x_wconf 75' lang='grc' dir='ltr'><strong><em>φύλαξ</em></strong></span> <span class='ocrx_word' id='word_1_98' title='bbox 719 1566 981 1657; x_wconf 86' lang='grc' dir='ltr'><strong><em>ἀγαθὸς</em></strong></span> <span class='ocrx_word' id='word_1_99' title='bbox 1041 1570 1230 1641; x_wconf 88' lang='grc' dir='ltr'><strong><em>σώαν</em></strong></span> <span class='ocrx_word' id='word_1_100' title='bbox 1289 1576 1401 1639; x_wconf 83' lang='grc' dir='ltr'><strong><em>καὶ</em></strong></span> <span class='ocrx_word' id='word_1_101' title='bbox 1459 1568 1637 1640; x_wconf 84' lang='grc' dir='ltr'><strong><em>κατὰ</em></strong></span> <span class='ocrx_word' id='word_1_102' title='bbox 1694 1565 1925 1641; x_wconf 81' lang='grc' dir='ltr'><strong><em>πάντα</em></strong></span> <span class='ocrx_word' id='word_1_103' title='bbox 1995 1572 2389 1658; x_wconf 81' lang='grc' dir='ltr'><strong><em>ἐρρωμένην</em></strong></span> <span class='ocrx_word' id='word_1_104' title='bbox 2450 1569 2578 1660; x_wconf 87' lang='grc' dir='ltr'><strong><em>τὴν</em></strong></span> <span class='ocrx_word' id='word_1_105' title='bbox 2638 1569 3051 1662; x_wconf 82' lang='grc' dir='ltr'><strong><em>παραθήκην</em></strong></span> 
     </span>
     <span class='ocr_line' id='line_1_12' title="bbox 428 1662 3051 1761; baseline 0.001 -22"><span class='ocrx_word' id='word_1_106' title='bbox 428 1674 663 1758; x_wconf 85' lang='grc' dir='ltr'><strong><em>φέρων</em></strong></span> <span class='ocrx_word' id='word_1_107' title='bbox 704 1668 1092 1758; x_wconf 88' lang='grc' dir='ltr'><strong><em>παραδώσει</em></strong></span> <span class='ocrx_word' id='word_1_108' title='bbox 1137 1675 1241 1759; x_wconf 86' lang='grc' dir='ltr'><strong><em>τῷ</em></strong></span> <span class='ocrx_word' id='word_1_109' title='bbox 1285 1675 1460 1759; x_wconf 83' lang='grc' dir='ltr'><strong><em>θεῷ,</em></strong></span> <span class='ocrx_word' id='word_1_110' title='bbox 1514 1662 1876 1758; x_wconf 84' lang='grc' dir='ltr'><strong><em>ἀρχιερέως</em></strong></span> <span class='ocrx_word' id='word_1_111' title='bbox 1918 1672 2113 1757; x_wconf 88' lang='grc' dir='ltr'><strong><em>δίκην</em></strong></span> <span class='ocrx_word' id='word_1_112' title='bbox 2158 1666 2321 1751; x_wconf 83' lang='grc' dir='ltr'><strong><em>τούς</em></strong></span> <span class='ocrx_word' id='word_1_113' title='bbox 2363 1665 2474 1739; x_wconf 75' lang='grc' dir='ltr'><strong><em>υπ’</em></strong></span> <span class='ocrx_word' id='word_1_114' title='bbox 2522 1666 2714 1761; x_wconf 75' lang='grc' dir='ltr'><strong><em>αὐτῷ</em></strong></span> <span class='ocrx_word' id='word_1_115' title='bbox 2757 1674 3051 1760; x_wconf 84' lang='grc' dir='ltr'><strong><em>ἱερουμέ-</em></strong></span> 
     </span>
     <span class='ocr_line' id='line_1_13' title="bbox 429 1764 3053 1890; baseline -0 -49"><span class='ocrx_word' id='word_1_116' title='bbox 429 1798 588 1851; x_wconf 86' lang='grc' dir='ltr'><strong><em>νους</em></strong></span> <span class='ocrx_word' id='word_1_117' title='bbox 630 1766 901 1890; x_wconf 79' lang='grc' dir='ltr'><strong><em>πάντας</em></strong></span> <span class='ocrx_word' id='word_1_118' title='bbox 943 1774 1372 1858; x_wconf 85' lang='grc' dir='ltr'><strong><em>λευχείμονας</em></strong></span> <span class='ocrx_word' id='word_1_119' title='bbox 1413 1773 1524 1839; x_wconf 83' lang='grc' dir='ltr'><strong><em>καὶ</em></strong></span> <span class='ocrx_word' id='word_1_120' title='bbox 1568 1764 1858 1854; x_wconf 85' lang='grc' dir='ltr'><strong><em>ώσπερεὶ</em></strong></span> <span class='ocrx_word' id='word_1_121' title='bbox 1900 1766 2416 1855; x_wconf 83' lang='grc' dir='ltr'><strong><em>λαμπροτάταις</em></strong></span> <span class='ocrx_word' id='word_1_122' title='bbox 2448 1779 2721 1854; x_wconf 79' lang='grc' dir='ltr'><strong><em>στολαῖς</em></strong></span> <span class='ocrx_word' id='word_1_123' title='bbox 2751 1790 2899 1852; x_wconf 89' lang='grc' dir='ltr'><strong><em>τοῖς</em></strong></span> <span class='ocrx_word' id='word_1_124' title='bbox 2929 1774 3053 1859; x_wconf 84' lang='grc' dir='ltr'><strong><em>τῆς</em></strong></span> 
     </span>
     <span class='ocr_line' id='line_1_14' title="bbox 429 1862 3051 1960; baseline -0 -17"><span class='ocrx_word' id='word_1_125' title='bbox 429 1862 884 1952; x_wconf 50' lang='grc' dir='ltr'><strong><em>ἀναστάσεωςἺ</em></strong></span> <span class='ocrx_word' id='word_1_126' title='bbox 921 1864 1311 1957; x_wconf 80' lang='grc' dir='ltr'><strong><em>ἀφθάρτοις</em></strong></span> <span class='ocrx_word' id='word_1_127' title='bbox 1370 1866 1672 1956; x_wconf 88' lang='grc' dir='ltr'><strong><em>σώμασιν</em></strong></span> <span class='ocrx_word' id='word_1_128' title='bbox 1743 1863 2342 1955; x_wconf 75' lang='grc' dir='ltr'><strong><em>ἐξαστράπτοντας</em></strong></span> <span class='ocrx_word' id='word_1_129' title='bbox 2409 1878 2770 1958; x_wconf 81' lang='grc' dir='ltr'><strong><em>παριστῶν</em></strong></span> <span class='ocrx_word' id='word_1_130' title='bbox 2840 1866 3051 1960; x_wconf 83' lang='grc' dir='ltr'><strong><em>αύτῷ,</em></strong></span> 
     </span>
     <span class='ocr_line' id='line_1_15' title="bbox 427 1962 3051 2059; baseline -0 -19"><span class='ocrx_word' id='word_1_131' title='bbox 427 1973 534 2041; x_wconf 78' lang='grc' dir='ltr'><strong><em>ἵνα</em></strong></span> <span class='ocrx_word' id='word_1_132' title='bbox 576 1969 666 2058; x_wconf 85' lang='grc' dir='ltr'><strong><em>μὴ</em></strong></span> <span class='ocrx_word' id='word_1_133' title='bbox 711 1967 926 2059; x_wconf 89' lang='grc' dir='ltr'><strong><em>μόνης</em></strong></span> <span class='ocrx_word' id='word_1_134' title='bbox 971 1973 1094 2057; x_wconf 83' lang='grc' dir='ltr'><strong><em>τῆς</em></strong></span> <span class='ocrx_word' id='word_1_135' title='bbox 1137 1964 1251 2039; x_wconf 74' lang='grc' dir='ltr'><strong><em>ὑπ’</em></strong></span> <span class='ocrx_word' id='word_1_136' title='bbox 1299 1963 1487 2057; x_wconf 83' lang='grc' dir='ltr'><strong><em>αύτῷ</em></strong></span> <span class='ocrx_word' id='word_1_137' title='bbox 1532 1974 1867 2051; x_wconf 77' lang='grc' dir='ltr'><strong><em>βασιλείας</em></strong></span> <span class='ocrx_word' id='word_1_138' title='bbox 1910 1962 2353 2038; x_wconf 73' lang='grc' dir='ltr'><strong><em>ἀπολαύωσιν</em></strong></span> <span class='ocrx_word' id='word_1_139' title='bbox 2383 1964 2559 2039; x_wconf 80' lang='grc' dir='ltr'><strong><em>ἀλλὰ</em></strong></span> <span class='ocrx_word' id='word_1_140' title='bbox 2588 1978 2699 2040; x_wconf 83' lang='grc' dir='ltr'><strong><em>καὶ</em></strong></span> <span class='ocrx_word' id='word_1_141' title='bbox 2746 1976 2892 2041; x_wconf 80' lang='grc' dir='ltr'><strong><em>τῶν</em></strong></span> <span class='ocrx_word' id='word_1_142' title='bbox 2922 1976 3051 2041; x_wconf 81' lang='grc' dir='ltr'><strong><em>τοῦ</em></strong></span> 
     </span>
     <span class='ocr_line' id='line_1_16' title="bbox 323 2060 3115 2157; baseline 0.003 -21"><span class='ocrx_word' id='word_1_143' title='bbox 323 2084 389 2137; x_wconf 85' lang='grc'><strong><em>15</em></strong></span> <span class='ocrx_word' id='word_1_144' title='bbox 425 2066 686 2156; x_wconf 86' lang='grc' dir='ltr'><strong><em>πατρὸς</em></strong></span> <span class='ocrx_word' id='word_1_145' title='bbox 727 2065 1051 2157; x_wconf 84' lang='grc' dir='ltr'><strong><em>ἀρρήτων</em></strong></span> <span class='ocrx_word' id='word_1_146' title='bbox 1101 2062 1387 2157; x_wconf 79' lang='grc' dir='ltr'><strong><em>ἀγαθῶν</em></strong></span> <span class='ocrx_word' id='word_1_147' title='bbox 1438 2071 1923 2153; x_wconf 82' lang='grc' dir='ltr'><strong><em>ἐμπιπλῶνται.</em></strong></span> <span class='ocrx_word' id='word_1_148' title='bbox 2010 2060 2198 2138; x_wconf 73' lang='grc' dir='ltr'><strong><em>οὕτω</em></strong></span> <span class='ocrx_word' id='word_1_149' title='bbox 2260 2065 2387 2155; x_wconf 83' lang='grc' dir='ltr'><strong><em>γὰρ</em></strong></span> <span class='ocrx_word' id='word_1_150' title='bbox 2446 2071 2633 2139; x_wconf 76' lang='grc' dir='ltr'><strong><em>ἔσται</em></strong></span> <span class='ocrx_word' id='word_1_151' title='bbox 2690 2068 2866 2141; x_wconf 81' lang='grc' dir='ltr'><strong><em>κατὰ</em></strong></span> <span class='ocrx_word' id='word_1_152' title='bbox 2918 2067 3049 2141; x_wconf 86' lang='grc' dir='ltr'><strong><em>τὸν</em></strong></span> <span class='ocrx_word' id='word_1_153' title='bbox 3082 2090 3115 2143; x_wconf 84' lang='grc'><strong>5</strong></span> 
     </span>
     <span class='ocr_line' id='line_1_17' title="bbox 427 2162 3048 2257; baseline 0.001 -18"><span class='ocrx_word' id='word_1_154' title='bbox 427 2164 824 2241; x_wconf 88' lang='grc' dir='ltr'><strong><em>ἀπόστολον</em></strong></span> <span class='ocrx_word' id='word_1_155' title='bbox 874 2162 948 2238; x_wconf 71' lang='grc' dir='ltr'><strong><em>»ὁ</em></strong></span> <span class='ocrx_word' id='word_1_156' title='bbox 991 2166 1157 2251; x_wconf 86' lang='grc' dir='ltr'><strong><em>θεὸς</em></strong></span> <span class='ocrx_word' id='word_1_157' title='bbox 1198 2164 1430 2238; x_wconf 80' lang='grc' dir='ltr'><strong><em>πάντα</em></strong></span> <span class='ocrx_word' id='word_1_158' title='bbox 1474 2169 1548 2236; x_wconf 81' lang='grc' dir='ltr'><strong><em>ἐν</em></strong></span> <span class='ocrx_word' id='word_1_159' title='bbox 1589 2172 1867 2249; x_wconf 68' lang='grc' dir='ltr'><strong><em>πᾶσινι,</em></strong></span> <span class='ocrx_word' id='word_1_160' title='bbox 1920 2172 2047 2238; x_wconf 87' lang='grc' dir='ltr'><em>τοῦ</em></span> <span class='ocrx_word' id='word_1_161' title='bbox 2090 2168 2241 2237; x_wconf 77' lang='grc' dir='ltr'><strong><em>υἱοῦ</em></strong></span> <span class='ocrx_word' id='word_1_162' title='bbox 2286 2167 2447 2249; x_wconf 81' lang='grc' dir='ltr'><strong><em>τοὺς</em></strong></span> <span class='ocrx_word' id='word_1_163' title='bbox 2490 2174 3048 2257; x_wconf 83' lang='grc' dir='ltr'><strong><em>βασιλευομένους</em></strong></span> 
     </span>
     <span class='ocr_line' id='line_1_18' title="bbox 425 2259 3049 2357; baseline 0.001 -19"><span class='ocrx_word' id='word_1_164' title='bbox 425 2266 900 2356; x_wconf 81' lang='grc' dir='ltr'><strong><em>προσάγοντος</em></strong></span> <span class='ocrx_word' id='word_1_165' title='bbox 942 2264 1160 2357; x_wconf 74' lang='grc' dir='ltr'><strong><em>αὐτῷ,</em></strong></span> <span class='ocrx_word' id='word_1_166' title='bbox 1225 2263 1309 2337; x_wconf 77' lang='grc' dir='ltr'><strong><em>ἵν’</em></strong></span> <span class='ocrx_word' id='word_1_167' title='bbox 1365 2259 1534 2337; x_wconf 90' lang='grc' dir='ltr'><strong><em>ολον</em></strong></span> <span class='ocrx_word' id='word_1_168' title='bbox 1577 2271 1788 2337; x_wconf 84' lang='grc' dir='ltr'><strong><em>τοῦτο</em></strong></span> <span class='ocrx_word' id='word_1_169' title='bbox 1835 2272 2135 2355; x_wconf 84' lang='grc' dir='ltr'><strong><em>γένηται,</em></strong></span> <span class='ocrx_word' id='word_1_170' title='bbox 2191 2272 2370 2355; x_wconf 85' lang='grc' dir='ltr'><strong><em>λέγω</em></strong></span> <span class='ocrx_word' id='word_1_171' title='bbox 2417 2271 2487 2337; x_wconf 81' lang='grc' dir='ltr'><strong><em>δὲ</em></strong></span> <span class='ocrx_word' id='word_1_172' title='bbox 2530 2265 2613 2337; x_wconf 89' lang='grc' dir='ltr'><strong><em>τὸ</em></strong></span> <span class='ocrx_word' id='word_1_173' title='bbox 2667 2265 2932 2340; x_wconf 71' lang='grc' dir='ltr'><strong><em>»πάντα</em></strong></span> <span class='ocrx_word' id='word_1_174' title='bbox 2977 2273 3049 2340; x_wconf 84' lang='grc' dir='ltr'><strong><em>ἐν</em></strong></span> 
     </span>
     <span class='ocr_line' id='line_1_19' title="bbox 424 2356 3048 2457; baseline 0 -19"><span class='ocrx_word' id='word_1_175' title='bbox 424 2377 666 2441; x_wconf 54' lang='grc' dir='ltr'><strong><em>πᾶσιν</em></strong></span> <span class='ocrx_word' id='word_1_176' title='bbox 716 2369 888 2439; x_wconf 85' lang='grc' dir='ltr'><strong><em>εἶναι</em></strong></span> <span class='ocrx_word' id='word_1_177' title='bbox 931 2365 1058 2437; x_wconf 86' lang='grc' dir='ltr'><strong><em>τὸν</em></strong></span> <span class='ocrx_word' id='word_1_178' title='bbox 1100 2374 1379 2454; x_wconf 80' lang='grc' dir='ltr'><strong><em>πατέρα.</em></strong></span> <span class='ocrx_word' id='word_1_179' title='bbox 1466 2396 1562 2447; x_wconf 89' lang='grc' dir='ltr'><strong><em>ως</em></strong></span> <span class='ocrx_word' id='word_1_180' title='bbox 1606 2363 1731 2454; x_wconf 82' lang='grc' dir='ltr'><strong><em>γὰρ</em></strong></span> <span class='ocrx_word' id='word_1_181' title='bbox 1774 2356 1862 2454; x_wconf 82' lang='grc' dir='ltr'><strong><em>ἦν</em></strong></span> <span class='ocrx_word' id='word_1_182' title='bbox 1904 2362 2252 2455; x_wconf 90' lang='grc' dir='ltr'><strong><em>πρότερον</em></strong></span> <span class='ocrx_word' id='word_1_183' title='bbox 2294 2372 2367 2438; x_wconf 86' lang='grc' dir='ltr'><strong><em>ἐν</em></strong></span> <span class='ocrx_word' id='word_1_184' title='bbox 2410 2372 2515 2456; x_wconf 81' lang='grc' dir='ltr'><strong><em>τῷ</em></strong></span> <span class='ocrx_word' id='word_1_185' title='bbox 2570 2370 2699 2457; x_wconf 82' lang='grc' dir='ltr'><strong><em>υἱῷ</em></strong></span> <span class='ocrx_word' id='word_1_186' title='bbox 2742 2366 2920 2438; x_wconf 83' lang='grc' dir='ltr'><strong><em>κατὰ</em></strong></span> <span class='ocrx_word' id='word_1_187' title='bbox 2963 2368 3048 2439; x_wconf 87' lang='grc' dir='ltr'><strong><em>τὸ</em></strong></span> 
     </span>
     <span class='ocr_line' id='line_1_20' title="bbox 431 2436 3047 2555; baseline 0.003 -23"><span class='ocrx_word' id='word_1_188' title='bbox 431 2462 504 2538; x_wconf 77' lang='grc' dir='ltr'><strong><em>»ὁ</em></strong></span> <span class='ocrx_word' id='word_1_189' title='bbox 547 2466 776 2555; x_wconf 88' lang='grc' dir='ltr'><strong><em>πατὴρ</em></strong></span> <span class='ocrx_word' id='word_1_190' title='bbox 819 2469 896 2537; x_wconf 83' lang='grc' dir='ltr'><strong><em>ἐν</em></strong></span> <span class='ocrx_word' id='word_1_191' title='bbox 938 2470 1084 2554; x_wconf 85' lang='grc' dir='ltr'><strong><em>ἐμοὶ</em></strong></span> <span class='ocrx_word' id='word_1_192' title='bbox 1125 2461 1316 2554; x_wconf 87' lang='grc' dir='ltr'><strong><em>κάγω</em></strong></span> <span class='ocrx_word' id='word_1_193' title='bbox 1357 2468 1432 2536; x_wconf 85' lang='grc' dir='ltr'><strong><em>ἐν</em></strong></span> <span class='ocrx_word' id='word_1_194' title='bbox 1477 2470 1580 2554; x_wconf 81' lang='grc' dir='ltr'><strong><em>τῷ</em></strong></span> <span class='ocrx_word' id='word_1_195' title='bbox 1623 2473 1893 2552; x_wconf 70' lang='grc' dir='ltr'><strong><em>πατρία,</em></strong></span> <span class='ocrx_word' id='word_1_196' title='bbox 1938 2462 2163 2549; x_wconf 73' lang='grc' dir='ltr'><strong><em>οὕτως</em></strong></span> <span class='ocrx_word' id='word_1_197' title='bbox 2194 2468 2379 2537; x_wconf 80' lang='grc' dir='ltr'><strong><em>ἔσται</em></strong></span> <span class='ocrx_word' id='word_1_198' title='bbox 2410 2461 2571 2537; x_wconf 88' lang='grc' dir='ltr'><strong><em>τότε</em></strong></span> <span class='ocrx_word' id='word_1_199' title='bbox 2599 2436 2709 2537; x_wconf 75' lang='grc' dir='ltr'><strong><em>καὶ</em></strong></span> <span class='ocrx_word' id='word_1_200' title='bbox 2735 2470 2811 2538; x_wconf 86' lang='grc' dir='ltr'><strong><em>ἐν</em></strong></span> <span class='ocrx_word' id='word_1_201' title='bbox 2838 2472 3047 2539; x_wconf 83' lang='grc' dir='ltr'><strong><em>πᾶσιν</em></strong></span> 
     </span>
     <span class='ocr_line' id='line_1_21' title="bbox 316 2560 3115 2654; baseline 0.001 -18"><span class='ocrx_word' id='word_1_202' title='bbox 316 2582 388 2636; x_wconf 87' lang='grc'><strong><em>20</em></strong></span> <span class='ocrx_word' id='word_1_203' title='bbox 425 2588 570 2650; x_wconf 88' lang='grc' dir='ltr'><strong><em>τοῖς</em></strong></span> <span class='ocrx_word' id='word_1_204' title='bbox 611 2562 746 2637; x_wconf 72' lang='grc' dir='ltr'><strong><em>ὑπὸ</em></strong></span> <span class='ocrx_word' id='word_1_205' title='bbox 796 2571 892 2654; x_wconf 80' lang='grc' dir='ltr'><strong><em>τῷ</em></strong></span> <span class='ocrx_word' id='word_1_206' title='bbox 939 2568 1065 2654; x_wconf 80' lang='grc' dir='ltr'><strong><em>υὶῷ</em></strong></span> <span class='ocrx_word' id='word_1_207' title='bbox 1113 2574 1594 2635; x_wconf 83' lang='grc' dir='ltr'><strong><em>τελειωθεῖσιν.</em></strong></span> <span class='ocrx_word' id='word_1_208' title='bbox 1667 2560 1748 2635; x_wconf 84' lang='grc' dir='ltr'><strong><em>ού</em></strong></span> <span class='ocrx_word' id='word_1_209' title='bbox 1790 2564 1917 2653; x_wconf 83' lang='grc' dir='ltr'><strong><em>γὰρ</em></strong></span> <span class='ocrx_word' id='word_1_210' title='bbox 1960 2562 2338 2644; x_wconf 86' lang='grc' dir='ltr'><strong><em>παύσεσθαι</em></strong></span> <span class='ocrx_word' id='word_1_211' title='bbox 2375 2572 2503 2653; x_wconf 78' lang='grc' dir='ltr'><strong><em>μὲν</em></strong></span> <span class='ocrx_word' id='word_1_212' title='bbox 2546 2572 2669 2654; x_wconf 86' lang='grc' dir='ltr'><strong><em>τῆς</em></strong></span> <span class='ocrx_word' id='word_1_213' title='bbox 2709 2574 3046 2651; x_wconf 85' lang='grc' dir='ltr'><strong><em>βασιλείας</em></strong></span> <span class='ocrx_word' id='word_1_214' title='bbox 3080 2586 3115 2639; x_wconf 89' lang='grc'><strong>6</strong></span> 
     </span>
     <span class='ocr_line' id='line_1_22' title="bbox 425 2660 3047 2756; baseline -0.001 -17"><span class='ocrx_word' id='word_1_215' title='bbox 425 2666 553 2739; x_wconf 84' lang='grc' dir='ltr'><strong><em>τὸν</em></strong></span> <span class='ocrx_word' id='word_1_216' title='bbox 593 2662 744 2737; x_wconf 81' lang='grc' dir='ltr'><strong><em>υἱὸν</em></strong></span> <span class='ocrx_word' id='word_1_217' title='bbox 787 2665 914 2737; x_wconf 85' lang='grc' dir='ltr'><strong><em>τὸν</em></strong></span> <span class='ocrx_word' id='word_1_218' title='bbox 959 2670 1028 2735; x_wconf 80' lang='grc' dir='ltr'><strong><em>δὲ</em></strong></span> <span class='ocrx_word' id='word_1_219' title='bbox 1071 2662 1242 2735; x_wconf 87' lang='grc' dir='ltr'><strong><em>θεὸν</em></strong></span> <span class='ocrx_word' id='word_1_220' title='bbox 1303 2662 1719 2746; x_wconf 88' lang='grc' dir='ltr'><strong><em>βασιλεύσειν</em></strong></span> <span class='ocrx_word' id='word_1_221' title='bbox 1779 2666 1908 2753; x_wconf 84' lang='grc' dir='ltr'><strong><em>ἔφη</em></strong></span> <span class='ocrx_word' id='word_1_222' title='bbox 1952 2660 1991 2736; x_wconf 81' lang='grc' dir='ltr'>ὅ</span> <span class='ocrx_word' id='word_1_223' title='bbox 2044 2660 2459 2751; x_wconf 81' lang='grc' dir='ltr'><strong><em>ἀπόστολος,</em></strong></span> <span class='ocrx_word' id='word_1_224' title='bbox 2524 2660 2697 2737; x_wconf 80' lang='grc' dir='ltr'><strong><em>ἀλλὰ</em></strong></span> <span class='ocrx_word' id='word_1_225' title='bbox 2752 2664 2880 2738; x_wconf 84' lang='grc' dir='ltr'><strong><em>τὸν</em></strong></span> <span class='ocrx_word' id='word_1_226' title='bbox 2922 2673 3047 2756; x_wconf 78' lang='grc' dir='ltr'><strong><em>μὲν</em></strong></span> 
     </span>
     <span class='ocr_line' id='line_1_23' title="bbox 422 2763 3047 2857; baseline 0.003 -27"><span class='ocrx_word' id='word_1_227' title='bbox 422 2766 572 2841; x_wconf 71' lang='grc' dir='ltr'><strong><em>υἱὸν</em></strong></span> <span class='ocrx_word' id='word_1_228' title='bbox 621 2770 758 2855; x_wconf 73' lang='grc' dir='ltr'><strong><em>»τῷ</em></strong></span> <span class='ocrx_word' id='word_1_229' title='bbox 803 2771 950 2854; x_wconf 81' lang='grc' dir='ltr'><strong><em>θεῷ</em></strong></span> <span class='ocrx_word' id='word_1_230' title='bbox 993 2770 1104 2836; x_wconf 84' lang='grc' dir='ltr'><strong><em>καὶ</em></strong></span> <span class='ocrx_word' id='word_1_231' title='bbox 1149 2772 1359 2855; x_wconf 86' lang='grc' dir='ltr'><strong><em>πατρὶ</em></strong></span> <span class='ocrx_word' id='word_1_232' title='bbox 1402 2763 1534 2854; x_wconf 84' lang='grc' dir='ltr'><strong><em>τὴν</em></strong></span> <span class='ocrx_word' id='word_1_233' title='bbox 1575 2771 1951 2848; x_wconf 54' lang='grc' dir='ltr'><strong><em>βασιλείαν</em></strong></span> <span class='ocrx_word' id='word_1_234' title='bbox 2000 2764 2457 2854; x_wconf 83' lang='grc' dir='ltr'><strong><em>παραδώσειν,</em></strong></span> <span class='ocrx_word' id='word_1_235' title='bbox 2510 2764 2699 2838; x_wconf 87' lang='grc' dir='ltr'><strong><em>σώαν</em></strong></span> <span class='ocrx_word' id='word_1_236' title='bbox 2744 2766 2873 2857; x_wconf 86' lang='grc' dir='ltr'><strong><em>τὴν</em></strong></span> <span class='ocrx_word' id='word_1_237' title='bbox 2918 2797 3047 2840; x_wconf 89' lang='grc' dir='ltr'><strong><em>πα-</em></strong></span> 
     </span>
     <span class='ocr_line' id='line_1_24' title="bbox 425 2863 3049 2956; baseline 0 -18"><span class='ocrx_word' id='word_1_238' title='bbox 425 2863 738 2956; x_wconf 87' lang='grc' dir='ltr'><strong><em>ραθήκην</em></strong></span> <span class='ocrx_word' id='word_1_239' title='bbox 781 2871 892 2936; x_wconf 81' lang='grc' dir='ltr'><strong><em>καὶ</em></strong></span> <span class='ocrx_word' id='word_1_240' title='bbox 935 2863 1109 2952; x_wconf 85' lang='grc' dir='ltr'><strong><em>πρὸς</em></strong></span> <span class='ocrx_word' id='word_1_241' title='bbox 1151 2863 1282 2954; x_wconf 83' lang='grc' dir='ltr'><strong><em>τὴν</em></strong></span> <span class='ocrx_word' id='word_1_242' title='bbox 1323 2870 1450 2936; x_wconf 83' lang='grc' dir='ltr'><strong><em>τοῦ</em></strong></span> <span class='ocrx_word' id='word_1_243' title='bbox 1490 2863 1750 2949; x_wconf 85' lang='grc' dir='ltr'><strong><em>πατρὸς</em></strong></span> <span class='ocrx_word' id='word_1_244' title='bbox 1793 2871 2113 2952; x_wconf 85' lang='grc' dir='ltr'><strong><em>λατρείαν</em></strong></span> <span class='ocrx_word' id='word_1_245' title='bbox 2155 2893 2231 2934; x_wconf 90' lang='grc' dir='ltr'><strong><em>τε</em></strong></span> <span class='ocrx_word' id='word_1_246' title='bbox 2272 2872 2383 2936; x_wconf 83' lang='grc' dir='ltr'><strong><em>καὶ</em></strong></span> <span class='ocrx_word' id='word_1_247' title='bbox 2430 2864 2805 2955; x_wconf 82' lang='grc' dir='ltr'><strong><em>ἱερωσύνην</em></strong></span> <span class='ocrx_word' id='word_1_248' title='bbox 2848 2872 3049 2956; x_wconf 80' lang='grc' dir='ltr'><strong><em>ἐπαρ-</em></strong></span> 
     </span>
     <span class='ocr_line' id='line_1_25' title="bbox 424 2960 3049 3053; baseline 0 -16"><span class='ocrx_word' id='word_1_249' title='bbox 424 2973 677 3040; x_wconf 81' lang='grc' dir='ltr'><strong><em>κοῦσαν</em></strong></span> <span class='ocrx_word' id='word_1_250' title='bbox 721 2963 1262 3053; x_wconf 78' lang='grc' dir='ltr'><strong><em>ἐνδεικνύμενον,</em></strong></span> <span class='ocrx_word' id='word_1_251' title='bbox 1327 2961 1454 3036; x_wconf 87' lang='grc' dir='ltr'><strong><em>τὸν</em></strong></span> <span class='ocrx_word' id='word_1_252' title='bbox 1508 2968 1578 3033; x_wconf 81' lang='grc' dir='ltr'><strong><em>δὲ</em></strong></span> <span class='ocrx_word' id='word_1_253' title='bbox 1631 2960 1802 3035; x_wconf 86' lang='grc' dir='ltr'><strong><em>θεὸν</em></strong></span> <span class='ocrx_word' id='word_1_254' title='bbox 1845 2967 2115 3034; x_wconf 76' lang='grc' dir='ltr'><strong><em>ἔσεσθαι</em></strong></span> <span class='ocrx_word' id='word_1_255' title='bbox 2182 2963 2447 3036; x_wconf 70' lang='grc' dir='ltr'><strong><em>»πάντα</em></strong></span> <span class='ocrx_word' id='word_1_256' title='bbox 2509 2970 2585 3037; x_wconf 81' lang='grc' dir='ltr'><strong><em>ἐν</em></strong></span> <span class='ocrx_word' id='word_1_257' title='bbox 2644 2972 2887 3038; x_wconf 69' lang='grc' dir='ltr'><strong><em>πᾶσιν(</em></strong></span> <span class='ocrx_word' id='word_1_258' title='bbox 2951 2964 3049 3050; x_wconf 85' lang='grc' dir='ltr'><strong><em>ώς</em></strong></span> 
     </span>
     <span class='ocr_line' id='line_1_26' title="bbox 318 3059 3051 3152; baseline 0.001 -20"><span class='ocrx_word' id='word_1_259' title='bbox 318 3076 388 3132; x_wconf 83' lang='grc'><strong><em>25</em></strong></span> <span class='ocrx_word' id='word_1_260' title='bbox 426 3064 596 3138; x_wconf 84' lang='grc' dir='ltr'><strong><em>θεὸν</em></strong></span> <span class='ocrx_word' id='word_1_261' title='bbox 638 3071 1040 3137; x_wconf 81' lang='grc' dir='ltr'><strong><em>ἐνοικοῦντα</em></strong></span> <span class='ocrx_word' id='word_1_262' title='bbox 1082 3070 1192 3134; x_wconf 82' lang='grc' dir='ltr'><strong><em>καὶ</em></strong></span> <span class='ocrx_word' id='word_1_263' title='bbox 1236 3068 1832 3152; x_wconf 86' lang='grc' dir='ltr'><strong><em>ἐμπεριπατοῦντα</em></strong></span> <span class='ocrx_word' id='word_1_264' title='bbox 1899 3068 2009 3135; x_wconf 75' lang='grc' dir='ltr'><strong><em>»ἐν</em></strong></span> <span class='ocrx_word' id='word_1_265' title='bbox 2054 3059 2318 3146; x_wconf 72' lang='grc' dir='ltr'><strong><em>αύτοῖςι</em></strong></span> <span class='ocrx_word' id='word_1_266' title='bbox 2376 3071 2489 3136; x_wconf 81' lang='grc' dir='ltr'><strong><em>καὶ</em></strong></span> <span class='ocrx_word' id='word_1_267' title='bbox 2540 3061 2773 3137; x_wconf 80' lang='grc' dir='ltr'><strong><em>πάντα</em></strong></span> <span class='ocrx_word' id='word_1_268' title='bbox 2817 3062 3051 3149; x_wconf 72' lang='grc' dir='ltr'><strong><em>αὐτοῖς</em></strong></span> 
     </span>
     <span class='ocr_line' id='line_1_27' title="bbox 425 3159 3050 3294; baseline -0 -57"><span class='ocrx_word' id='word_1_269' title='bbox 425 3162 803 3294; x_wconf 81' lang='grc' dir='ltr'><strong><em>γινόμενον.</em></strong></span> <span class='ocrx_word' id='word_1_270' title='bbox 887 3170 1036 3235; x_wconf 83' lang='grc' dir='ltr'><strong><em>τῶν</em></strong></span> <span class='ocrx_word' id='word_1_271' title='bbox 1087 3168 1212 3252; x_wconf 82' lang='grc' dir='ltr'><strong><em>μὲν</em></strong></span> <span class='ocrx_word' id='word_1_272' title='bbox 1253 3161 1380 3251; x_wconf 82' lang='grc' dir='ltr'><strong><em>γὰρ</em></strong></span> <span class='ocrx_word' id='word_1_273' title='bbox 1425 3165 1612 3235; x_wconf 77' lang='grc' dir='ltr'><strong><em>ἔσται</em></strong></span> <span class='ocrx_word' id='word_1_274' title='bbox 1655 3159 2013 3251; x_wconf 80' lang='grc' dir='ltr'><strong><em>δεσπότης,</em></strong></span> <span class='ocrx_word' id='word_1_275' title='bbox 2068 3169 2215 3233; x_wconf 82' lang='grc' dir='ltr'><strong><em>τῶν</em></strong></span> <span class='ocrx_word' id='word_1_276' title='bbox 2274 3168 2345 3233; x_wconf 80' lang='grc' dir='ltr'><strong><em>δὲ</em></strong></span> <span class='ocrx_word' id='word_1_277' title='bbox 2389 3163 2721 3248; x_wconf 84' lang='grc' dir='ltr'><strong><em>βασιλεύς,</em></strong></span> <span class='ocrx_word' id='word_1_278' title='bbox 2786 3172 2937 3236; x_wconf 80' lang='grc' dir='ltr'><strong><em>τῶν</em></strong></span> <span class='ocrx_word' id='word_1_279' title='bbox 2979 3171 3050 3236; x_wconf 80' lang='grc' dir='ltr'><strong><em>δὲ</em></strong></span> 
     </span>
     <span class='ocr_line' id='line_1_28' title="bbox 430 3257 3050 3353; baseline 0 -19"><span class='ocrx_word' id='word_1_280' title='bbox 430 3261 663 3353; x_wconf 85' lang='grc' dir='ltr'><strong><em>έτερόν</em></strong></span> <span class='ocrx_word' id='word_1_281' title='bbox 707 3287 797 3335; x_wconf 91' lang='grc' dir='ltr'><strong><em>τι·</em></strong></span> <span class='ocrx_word' id='word_1_282' title='bbox 843 3260 1137 3334; x_wconf 80' lang='grc' dir='ltr'><strong><em>πάντων</em></strong></span> <span class='ocrx_word' id='word_1_283' title='bbox 1179 3267 1252 3332; x_wconf 80' lang='grc' dir='ltr'><strong><em>δὲ</em></strong></span> <span class='ocrx_word' id='word_1_284' title='bbox 1297 3257 1576 3349; x_wconf 87' lang='grc' dir='ltr'><strong><em>ἀθρόως</em></strong></span> <span class='ocrx_word' id='word_1_285' title='bbox 1617 3257 1800 3344; x_wconf 86' lang='grc' dir='ltr'><strong><em>θεός,</em></strong></span> <span class='ocrx_word' id='word_1_286' title='bbox 1844 3280 1993 3344; x_wconf 86' lang='grc' dir='ltr'><strong><em>ταῖς</em></strong></span> <span class='ocrx_word' id='word_1_287' title='bbox 2037 3266 2111 3332; x_wconf 87' lang='grc' dir='ltr'><strong><em>ἐν</em></strong></span> <span class='ocrx_word' id='word_1_288' title='bbox 2154 3258 2344 3352; x_wconf 82' lang='grc' dir='ltr'><strong><em>αύτῷ</em></strong></span> <span class='ocrx_word' id='word_1_289' title='bbox 2389 3274 2648 3346; x_wconf 81' lang='grc' dir='ltr'><strong><em>θεῑκαῖς</em></strong></span> <span class='ocrx_word' id='word_1_290' title='bbox 2678 3261 2945 3351; x_wconf 80' lang='grc' dir='ltr'><strong><em>ἀρεταῖς</em></strong></span> <span class='ocrx_word' id='word_1_291' title='bbox 2976 3293 3050 3334; x_wconf 91' lang='grc' dir='ltr'><strong><em>τε</em></strong></span> 
     </span>
     <span class='ocr_line' id='line_1_29' title="bbox 425 3356 3307 3452; baseline 0.001 -18"><span class='ocrx_word' id='word_1_292' title='bbox 425 3372 537 3434; x_wconf 81' lang='grc' dir='ltr'><strong><em>καὶ</em></strong></span> <span class='ocrx_word' id='word_1_293' title='bbox 581 3359 942 3452; x_wconf 80' lang='grc' dir='ltr'><strong><em>δυνάμεσιν</em></strong></span> <span class='ocrx_word' id='word_1_294' title='bbox 987 3360 1072 3434; x_wconf 78' lang='grc' dir='ltr'><strong><em>τὰ</em></strong></span> <span class='ocrx_word' id='word_1_295' title='bbox 1117 3359 1348 3432; x_wconf 80' lang='grc' dir='ltr'><strong><em>πάντα</em></strong></span> <span class='ocrx_word' id='word_1_296' title='bbox 1393 3357 1624 3443; x_wconf 71' lang='grc' dir='ltr'><strong><em>αὐτοῖς</em></strong></span> <span class='ocrx_word' id='word_1_297' title='bbox 1654 3356 2061 3450; x_wconf 88' lang='grc' dir='ltr'><strong><em>γιγνόμενος.</em></strong></span> <span class='ocrx_word' id='word_1_298' title='bbox 2128 3366 2139 3449; x_wconf 84' lang='grc' dir='ltr'>Ι</span> <span class='ocrx_word' id='word_1_299' title='bbox 2204 3367 2417 3434; x_wconf 84' lang='grc' dir='ltr'><strong><em>τοῦτο</em></strong></span> <span class='ocrx_word' id='word_1_300' title='bbox 2462 3368 2659 3446; x_wconf 84' lang='grc' dir='ltr'><strong><em>τέλος</em></strong></span> <span class='ocrx_word' id='word_1_301' title='bbox 2701 3369 2826 3452; x_wconf 84' lang='grc' dir='ltr'><strong><em>τῆς</em></strong></span> <span class='ocrx_word' id='word_1_302' title='bbox 2871 3385 3049 3450; x_wconf 90' lang='grc' dir='ltr'><strong><em>τρισ-</em></strong></span> <span class='ocrx_word' id='word_1_303' title='bbox 3084 3383 3115 3438; x_wconf 82' lang='lat'><strong>7</strong></span> <span class='ocrx_word' id='word_1_304' title='bbox 3146 3381 3157 3449; x_wconf 89' lang='grc' dir='ltr'>Ι</span> <span class='ocrx_word' id='word_1_305' title='bbox 3188 3380 3307 3438; x_wconf 86' lang='grc'><strong><em>188</em></strong></span> 
     </span>
     <span class='ocr_line' id='line_1_30' title="bbox 427 3455 3049 3583; baseline 0.001 -50"><span class='ocrx_word' id='word_1_306' title='bbox 427 3470 752 3552; x_wconf 83' lang='grc' dir='ltr'><strong><em>μακαρίας</em></strong></span> <span class='ocrx_word' id='word_1_307' title='bbox 811 3465 1088 3544; x_wconf 79' lang='grc' dir='ltr'><strong><em>ἐλπίδος</em></strong></span> <span class='ocrx_word' id='word_1_308' title='bbox 1147 3456 1538 3583; x_wconf 49' lang='grc' dir='ltr'><strong><em>ύπέγραξρεν</em></strong></span> <span class='ocrx_word' id='word_1_309' title='bbox 1602 3455 1639 3530; x_wconf 85' lang='grc' dir='ltr'>ὁ</span> <span class='ocrx_word' id='word_1_310' title='bbox 1699 3466 1901 3548; x_wconf 83' lang='grc' dir='ltr'><strong><em>μέγας</em></strong></span> <span class='ocrx_word' id='word_1_311' title='bbox 1960 3456 2354 3543; x_wconf 85' lang='grc' dir='ltr'><strong><em>ἀπόστολος</em></strong></span> <span class='ocrx_word' id='word_1_312' title='bbox 2412 3462 2626 3532; x_wconf 78' lang='grc' dir='ltr'><strong><em>εἰπών</em></strong></span> <span class='ocrx_word' id='word_1_313' title='bbox 2695 3467 2841 3534; x_wconf 77' lang='grc' dir='ltr'><strong><em>»ἵνα</em></strong></span> <span class='ocrx_word' id='word_1_314' title='bbox 2903 3457 2944 3552; x_wconf 79' lang='grc' dir='ltr'><em>ᾗ</em></span> <span class='ocrx_word' id='word_1_315' title='bbox 3010 3459 3049 3535; x_wconf 83' lang='grc' dir='ltr'><strong><em>δ</em></strong></span> 
     </span>
     <span class='ocr_line' id='line_1_31' title="bbox 320 3555 3051 3647; baseline -0.001 -13"><span class='ocrx_word' id='word_1_316' title='bbox 320 3571 392 3626; x_wconf 87' lang='grc'><strong><em>30</em></strong></span> <span class='ocrx_word' id='word_1_317' title='bbox 427 3560 590 3645; x_wconf 85' lang='grc' dir='ltr'><strong><em>θεὸς</em></strong></span> <span class='ocrx_word' id='word_1_318' title='bbox 631 3559 866 3634; x_wconf 79' lang='grc' dir='ltr'><strong><em>πάντα</em></strong></span> <span class='ocrx_word' id='word_1_319' title='bbox 912 3567 986 3634; x_wconf 86' lang='grc' dir='ltr'><strong><em>ἐν</em></strong></span> <span class='ocrx_word' id='word_1_320' title='bbox 1029 3567 1294 3634; x_wconf 73' lang='grc' dir='ltr'><strong><em>πᾶσινι.</em></strong></span> <span class='ocrx_word' id='word_1_321' title='bbox 1381 3555 1526 3632; x_wconf 77' lang='grc' dir='ltr'><strong><em>ἀλλ’</em></strong></span> <span class='ocrx_word' id='word_1_322' title='bbox 1572 3563 1647 3630; x_wconf 90' lang='grc' dir='ltr'><strong><em>ἐν</em></strong></span> <span class='ocrx_word' id='word_1_323' title='bbox 1698 3566 1821 3647; x_wconf 85' lang='grc' dir='ltr'><strong><em>μὲν</em></strong></span> <span class='ocrx_word' id='word_1_324' title='bbox 1862 3578 2008 3642; x_wconf 83' lang='grc' dir='ltr'><strong><em>τοῖς</em></strong></span> <span class='ocrx_word' id='word_1_325' title='bbox 2052 3567 2258 3633; x_wconf 83' lang='grc' dir='ltr'><strong><em>πᾶσιν</em></strong></span> <span class='ocrx_word' id='word_1_326' title='bbox 2300 3556 2531 3631; x_wconf 78' lang='grc' dir='ltr'><strong><em>πάντα</em></strong></span> <span class='ocrx_word' id='word_1_327' title='bbox 2572 3562 2762 3633; x_wconf 78' lang='grc' dir='ltr'><strong><em>ἔσται</em></strong></span> <span class='ocrx_word' id='word_1_328' title='bbox 2804 3557 3051 3634; x_wconf 89' lang='grc' dir='ltr'><strong><em>ἀναλό-</em></strong></span> 
     </span>
     <span class='ocr_line' id='line_1_32' title="bbox 427 3655 3050 3751; baseline -0.001 -19"><span class='ocrx_word' id='word_1_329' title='bbox 427 3690 562 3750; x_wconf 92' lang='grc' dir='ltr'><strong><em>γως</em></strong></span> <span class='ocrx_word' id='word_1_330' title='bbox 607 3669 692 3751; x_wconf 82' lang='grc' dir='ltr'><strong><em>τῇ</em></strong></span> <span class='ocrx_word' id='word_1_331' title='bbox 738 3658 1026 3735; x_wconf 77' lang='grc' dir='ltr'><strong><em>ἑκάστου</em></strong></span> <span class='ocrx_word' id='word_1_332' title='bbox 1070 3658 1344 3749; x_wconf 86' lang='grc' dir='ltr'><strong><em>δυνάμει</em></strong></span> <span class='ocrx_word' id='word_1_333' title='bbox 1387 3659 1511 3742; x_wconf 84' lang='grc' dir='ltr'><strong><em>τὰς</em></strong></span> <span class='ocrx_word' id='word_1_334' title='bbox 1554 3665 1678 3748; x_wconf 85' lang='grc' dir='ltr'><strong><em>τῆς</em></strong></span> <span class='ocrx_word' id='word_1_335' title='bbox 1723 3655 1937 3731; x_wconf 73' lang='grc' dir='ltr'><strong><em>αὐτοῦ</em></strong></span> <span class='ocrx_word' id='word_1_336' title='bbox 1980 3656 2318 3748; x_wconf 88' lang='grc' dir='ltr'><strong><em>θεότητος</em></strong></span> <span class='ocrx_word' id='word_1_337' title='bbox 2350 3655 2719 3746; x_wconf 89' lang='grc' dir='ltr'><strong><em>διαφόρους</em></strong></span> <span class='ocrx_word' id='word_1_338' title='bbox 2748 3665 3050 3745; x_wconf 86' lang='grc' dir='ltr'><strong><em>ἐπινοίας</em></strong></span> 
     </span>
     <span class='ocr_line' id='line_1_33' title="bbox 427 3754 3048 3853; baseline 0 -19"><span class='ocrx_word' id='word_1_339' title='bbox 427 3790 742 3853; x_wconf 85' lang='grc' dir='ltr'><strong><em>χορηγων</em></strong></span> <span class='ocrx_word' id='word_1_340' title='bbox 785 3781 930 3846; x_wconf 92' lang='grc' dir='ltr'><strong><em>τοῖς</em></strong></span> <span class='ocrx_word' id='word_1_341' title='bbox 973 3767 1198 3844; x_wconf 85' lang='grc' dir='ltr'><strong><em>πᾶσιν,</em></strong></span> <span class='ocrx_word' id='word_1_342' title='bbox 1241 3757 1434 3850; x_wconf 86' lang='grc' dir='ltr'><strong><em>μόνῳ</em></strong></span> <span class='ocrx_word' id='word_1_343' title='bbox 1481 3765 1552 3830; x_wconf 81' lang='grc' dir='ltr'><strong><em>δὲ</em></strong></span> <span class='ocrx_word' id='word_1_344' title='bbox 1597 3764 1701 3848; x_wconf 81' lang='grc' dir='ltr'><strong><em>τῷ</em></strong></span> <span class='ocrx_word' id='word_1_345' title='bbox 1743 3777 2099 3847; x_wconf 87' lang='grc' dir='ltr'><strong><em>μονογενεῖ</em></strong></span> <span class='ocrx_word' id='word_1_346' title='bbox 2132 3754 2346 3830; x_wconf 85' lang='grc' dir='ltr'><strong><em>αύτοῦ</em></strong></span> <span class='ocrx_word' id='word_1_347' title='bbox 2373 3762 2499 3849; x_wconf 75' lang='grc' dir='ltr'><strong><em>υἱῷ</em></strong></span> <span class='ocrx_word' id='word_1_348' title='bbox 2540 3759 2670 3849; x_wconf 85' lang='grc' dir='ltr'><strong><em>τὴν</em></strong></span> <span class='ocrx_word' id='word_1_349' title='bbox 2699 3764 3048 3849; x_wconf 73' lang='grc' dir='ltr'><strong><em>ἐξαίρετον</em></strong></span> 
     </span>
     <span class='ocr_line' id='line_1_34' title="bbox 427 3853 3053 3952; baseline -0.001 -19"><span class='ocrx_word' id='word_1_350' title='bbox 427 3870 541 3933; x_wconf 83' lang='grc' dir='ltr'><strong><em>καὶ</em></strong></span> <span class='ocrx_word' id='word_1_351' title='bbox 583 3861 919 3952; x_wconf 85' lang='grc' dir='ltr'><strong><em>πατρικὴν</em></strong></span> <span class='ocrx_word' id='word_1_352' title='bbox 958 3879 1103 3943; x_wconf 84' lang='grc' dir='ltr'><strong><em>τοῖς</em></strong></span> <span class='ocrx_word' id='word_1_353' title='bbox 1147 3889 1222 3931; x_wconf 90' lang='grc' dir='ltr'><strong><em>τε</em></strong></span> <span class='ocrx_word' id='word_1_354' title='bbox 1268 3871 1535 3941; x_wconf 87' lang='grc' dir='ltr'><strong><em>λοιποῖς</em></strong></span> <span class='ocrx_word' id='word_1_355' title='bbox 1578 3880 1829 3929; x_wconf 89' lang='grc' dir='ltr'><strong><em>απασιν</em></strong></span> <span class='ocrx_word' id='word_1_356' title='bbox 1883 3853 2362 3947; x_wconf 86' lang='grc' dir='ltr'><strong><em>ἀκοινώνητον</em></strong></span> <span class='ocrx_word' id='word_1_357' title='bbox 2414 3855 2619 3945; x_wconf 74' lang='grc' dir='ltr'><strong><em>δόξαν</em></strong></span> <span class='ocrx_word' id='word_1_358' title='bbox 2676 3867 2785 3930; x_wconf 83' lang='grc' dir='ltr'><strong><em>καὶ</em></strong></span> <span class='ocrx_word' id='word_1_359' title='bbox 2848 3859 3053 3950; x_wconf 85' lang='grc' dir='ltr'><strong><em>τιμὴν</em></strong></span> 
     </span>
     <span class='ocr_line' id='line_1_35' title="bbox 429 3957 1264 4049; baseline -0.004 -18"><span class='ocrx_word' id='word_1_360' title='bbox 429 3969 541 4032; x_wconf 83' lang='grc' dir='ltr'><strong><em>καὶ</em></strong></span> <span class='ocrx_word' id='word_1_361' title='bbox 583 3969 922 4049; x_wconf 85' lang='grc' dir='ltr'><strong><em>βασιλείαν</em></strong></span> <span class='ocrx_word' id='word_1_362' title='bbox 967 3957 1264 4049; x_wconf 75' lang='grc' dir='ltr'><strong><em>φυλάξει.</em></strong></span> 
     </span>
    </p>
   </div>
   <div class='ocr_carea' id='block_1_3' title="bbox 427 4177 3052 4451">
    <p class='ocr_par' dir='ltr' id='par_1_3' title="bbox 427 4177 3052 4446">
     <span class='ocr_line' id='line_1_36' title="bbox 599 4177 3052 4249; baseline 0 -12"><span class='ocrx_word' id='word_1_363' title='bbox 599 4183 638 4238; x_wconf 80' lang='lat'>4</span> <span class='ocrx_word' id='word_1_364' title='bbox 675 4183 811 4237; x_wconf 83' lang='lat' dir='ltr'><strong>Luk.</strong></span> <span class='ocrx_word' id='word_1_365' title='bbox 850 4186 896 4249; x_wconf 91' lang='lat'><strong><em>1,</em></strong></span> <span class='ocrx_word' id='word_1_366' title='bbox 933 4183 1002 4237; x_wconf 83' lang='lat'><strong><em>33</em></strong></span> <span class='ocrx_word' id='word_1_367' title='bbox 1051 4209 1118 4220; x_wconf 91' lang='lat'><strong><em>—-</em></strong></span> <span class='ocrx_word' id='word_1_368' title='bbox 1173 4179 1209 4236; x_wconf 78' lang='grc' dir='ltr'>ὅ</span> <span class='ocrx_word' id='word_1_369' title='bbox 1263 4179 1288 4232; x_wconf 94' lang='grc' dir='ltr'>Ι</span> <span class='ocrx_word' id='word_1_370' title='bbox 1324 4179 1452 4232; x_wconf 86' lang='lat' dir='ltr'>Kor.</span> <span class='ocrx_word' id='word_1_371' title='bbox 1489 4181 1570 4241; x_wconf 88' lang='lat'><strong><em>15,</em></strong></span> <span class='ocrx_word' id='word_1_372' title='bbox 1607 4180 1676 4234; x_wconf 88' lang='grc'><strong><em>24</em></strong></span> <span class='ocrx_word' id='word_1_373' title='bbox 1731 4207 1795 4217; x_wconf 93' lang='grc'>-</span> <span class='ocrx_word' id='word_1_374' title='bbox 1850 4179 1889 4233; x_wconf 74' lang='grc'>9</span> <span class='ocrx_word' id='word_1_375' title='bbox 1943 4177 2144 4233; x_wconf 73' lang='lat' dir='ltr'><strong>Matth.</strong></span> <span class='ocrx_word' id='word_1_376' title='bbox 2184 4181 2267 4246; x_wconf 86' lang='lat'><strong><em>11,</em></strong></span> <span class='ocrx_word' id='word_1_377' title='bbox 2303 4179 2385 4235; x_wconf 85' lang='grc'><strong><em>27.</em></strong></span> <span class='ocrx_word' id='word_1_378' title='bbox 2443 4179 2577 4234; x_wconf 81' lang='lat' dir='ltr'><strong>Luk.</strong></span> <span class='ocrx_word' id='word_1_379' title='bbox 2616 4181 2699 4246; x_wconf 89' lang='grc'><strong><em>10,</em></strong></span> <span class='ocrx_word' id='word_1_380' title='bbox 2740 4181 2806 4236; x_wconf 89' lang='grc'><strong><em>22</em></strong></span> <span class='ocrx_word' id='word_1_381' title='bbox 2858 4213 2924 4222; x_wconf 94' lang='grc'>-</span> <span class='ocrx_word' id='word_1_382' title='bbox 2980 4182 3052 4238; x_wconf 75' lang='lat' dir='ltr'><strong><em>1ss</em></strong></span> 
     </span>
     <span class='ocr_line' id='line_1_37' title="bbox 427 4278 3048 4352; baseline 0 -14"><span class='ocrx_word' id='word_1_383' title='bbox 427 4283 454 4338; x_wconf 92' lang='lat'>1</span> <span class='ocrx_word' id='word_1_384' title='bbox 489 4284 617 4340; x_wconf 84' lang='lat' dir='ltr'>Kor.</span> <span class='ocrx_word' id='word_1_385' title='bbox 655 4287 737 4352; x_wconf 93' lang='grc'><strong><em>15,</em></strong></span> <span class='ocrx_word' id='word_1_386' title='bbox 772 4285 842 4338; x_wconf 88' lang='grc'><strong><em>28</em></strong></span> <span class='ocrx_word' id='word_1_387' title='bbox 893 4311 961 4322; x_wconf 94' lang='grc'>-</span> <span class='ocrx_word' id='word_1_388' title='bbox 1015 4282 1087 4337; x_wconf 83' lang='grc'><strong>17</strong></span> <span class='ocrx_word' id='word_1_389' title='bbox 1130 4280 1155 4332; x_wconf 93' lang='grc' dir='ltr'>Ι</span> <span class='ocrx_word' id='word_1_390' title='bbox 1189 4281 1320 4336; x_wconf 87' lang='lat' dir='ltr'><strong>Kor.</strong></span> <span class='ocrx_word' id='word_1_391' title='bbox 1359 4282 1437 4347; x_wconf 89' lang='lat'><strong><em>15,</em></strong></span> <span class='ocrx_word' id='word_1_392' title='bbox 1474 4281 1542 4334; x_wconf 88' lang='lat'><strong><em>28</em></strong></span> <span class='ocrx_word' id='word_1_393' title='bbox 1576 4309 1644 4319; x_wconf 95' lang='lat'>—</span> <span class='ocrx_word' id='word_1_394' title='bbox 1681 4279 1758 4336; x_wconf 75' lang='lat'><strong><em>19</em></strong></span> <span class='ocrx_word' id='word_1_395' title='bbox 1796 4278 1921 4335; x_wconf 87' lang='lat' dir='ltr'><strong>Joh.</strong></span> <span class='ocrx_word' id='word_1_396' title='bbox 1958 4280 2039 4346; x_wconf 89' lang='lat'><strong><em>10,</em></strong></span> <span class='ocrx_word' id='word_1_397' title='bbox 2076 4282 2145 4336; x_wconf 90' lang='grc'><strong><em>38</em></strong></span> <span class='ocrx_word' id='word_1_398' title='bbox 2178 4311 2245 4319; x_wconf 92' lang='grc'>-</span> <span class='ocrx_word' id='word_1_399' title='bbox 2282 4279 2361 4337; x_wconf 76' lang='lat'><strong><em>22</em></strong></span> <span class='ocrx_word' id='word_1_400' title='bbox 2399 4283 2423 4331; x_wconf 96' lang='lat' dir='ltr'>I</span> <span class='ocrx_word' id='word_1_401' title='bbox 2458 4283 2587 4338; x_wconf 87' lang='lat' dir='ltr'>Kor.</span> <span class='ocrx_word' id='word_1_402' title='bbox 2625 4285 2707 4350; x_wconf 87' lang='grc'><strong><em>15,</em></strong></span> <span class='ocrx_word' id='word_1_403' title='bbox 2744 4284 2813 4338; x_wconf 86' lang='grc'><strong><em>24</em></strong></span> <span class='ocrx_word' id='word_1_404' title='bbox 2856 4313 2924 4323; x_wconf 89' lang='grc'>-</span> <span class='ocrx_word' id='word_1_405' title='bbox 2969 4284 3048 4339; x_wconf 78' lang='lat'><strong><em>24</em></strong></span> 
     </span>
     <span class='ocr_line' id='line_1_38' title="bbox 429 4380 2207 4451; baseline -0.001 -12"><span class='ocrx_word' id='word_1_406' title='bbox 429 4386 454 4439; x_wconf 95' lang='lat' dir='ltr'>I</span> <span class='ocrx_word' id='word_1_407' title='bbox 493 4385 620 4441; x_wconf 86' lang='lat' dir='ltr'>Kor.</span> <span class='ocrx_word' id='word_1_408' title='bbox 659 4387 743 4451; x_wconf 85' lang='lat'><strong><em>15,</em></strong></span> <span class='ocrx_word' id='word_1_409' title='bbox 778 4384 846 4440; x_wconf 82' lang='lat'><strong><em>28</em></strong></span> <span class='ocrx_word' id='word_1_410' title='bbox 881 4414 947 4424; x_wconf 92' lang='lat'>—</span> <span class='ocrx_word' id='word_1_411' title='bbox 985 4383 1108 4440; x_wconf 77' lang='lat'><strong><em>251</em></strong></span> <span class='ocrx_word' id='word_1_412' title='bbox 1136 4383 1188 4437; x_wconf 91' lang='lat'><strong><em>11</em></strong></span> <span class='ocrx_word' id='word_1_413' title='bbox 1224 4383 1351 4435; x_wconf 86' lang='lat' dir='ltr'>Kor.</span> <span class='ocrx_word' id='word_1_414' title='bbox 1387 4381 1436 4446; x_wconf 89' lang='lat'><strong><em>6,</em></strong></span> <span class='ocrx_word' id='word_1_415' title='bbox 1472 4382 1538 4436; x_wconf 92' lang='grc'><strong><em>16</em></strong></span> <span class='ocrx_word' id='word_1_416' title='bbox 1572 4409 1640 4419; x_wconf 89' lang='grc'>-</span> <span class='ocrx_word' id='word_1_417' title='bbox 1676 4380 1755 4437; x_wconf 74' lang='grc'><strong><em>29</em></strong></span> <span class='ocrx_word' id='word_1_418' title='bbox 1791 4381 1818 4435; x_wconf 87' lang='grc' dir='ltr'><strong>Ι</strong></span> <span class='ocrx_word' id='word_1_419' title='bbox 1853 4380 1982 4436; x_wconf 86' lang='lat' dir='ltr'><strong>Kor.</strong></span> <span class='ocrx_word' id='word_1_420' title='bbox 2020 4383 2101 4444; x_wconf 87' lang='grc'><strong>15,</strong></span> <span class='ocrx_word' id='word_1_421' title='bbox 2138 4381 2207 4437; x_wconf 90' lang='grc'><strong><em>28</em></strong></span> 
     </span>
    </p>
   </div>
   <div class='ocr_carea' id='block_1_4' title="bbox 433 4567 3048 4757">
    <p class='ocr_par' dir='ltr' id='par_1_4' title="bbox 433 4567 3048 4757">
     <span class='ocr_line' id='line_1_39' title="bbox 602 4567 3048 4653; baseline -0.001 -11"><span class='ocrx_word' id='word_1_422' title='bbox 602 4583 1064 4648; x_wconf 59' lang='grc' dir='ltr'><strong><em>2παύεσθαιῖἶ,</em></strong></span> <span class='ocrx_word' id='word_1_423' title='bbox 1100 4600 1235 4639; x_wconf 77' lang='lat' dir='ltr'>corr.</span> <span class='ocrx_word' id='word_1_424' title='bbox 1273 4582 1490 4650; x_wconf 82' lang='lat' dir='ltr'><strong>Klvgl.</strong></span> <span class='ocrx_word' id='word_1_425' title='bbox 1525 4583 1580 4636; x_wconf 89' lang='grc' dir='ltr'><strong><em>Ζ.</em></strong></span> <span class='ocrx_word' id='word_1_426' title='bbox 1615 4581 1684 4637; x_wconf 90' lang='grc'><strong><em>20</em></strong></span> <span class='ocrx_word' id='word_1_427' title='bbox 1746 4581 1757 4648; x_wconf 95' lang='grc' dir='ltr'>Ι</span> <span class='ocrx_word' id='word_1_428' title='bbox 1823 4567 2552 4652; x_wconf 57' lang='grc' dir='ltr'><strong><em>ἦςείἶῖ*ἦῑ72ἧω1.</em></strong></span> <span class='ocrx_word' id='word_1_429' title='bbox 2594 4579 2703 4638; x_wconf 66' lang='lat' dir='ltr'><strong><em>ob?</em></strong></span> <span class='ocrx_word' id='word_1_430' title='bbox 2769 4584 2778 4651; x_wconf 90' lang='grc' dir='ltr'>Ι</span> <span class='ocrx_word' id='word_1_431' title='bbox 2843 4584 3048 4653; x_wconf 66' lang='lat'><em>2672-</em></span> 
     </span>
     <span class='ocr_line' id='line_1_40' title="bbox 433 4684 1094 4757; baseline -0.009 -14"><span class='ocrx_word' id='word_1_432' title='bbox 433 4688 678 4757; x_wconf 80' lang='grc' dir='ltr'><strong><em>νόμενον</em></strong></span> <span class='ocrx_word' id='word_1_433' title='bbox 712 4686 780 4754; x_wconf 88' lang='lat' dir='ltr'><strong><em>V,</em></strong></span> <span class='ocrx_word' id='word_1_434' title='bbox 817 4704 952 4742; x_wconf 79' lang='lat' dir='ltr'>corr.</span> <span class='ocrx_word' id='word_1_435' title='bbox 988 4684 1094 4738; x_wconf 83' lang='lat' dir='ltr'><strong><em>We</em></strong></span> 
     </span>
    </p>
   </div>
  </div>
 </body>
</html>
