3694 5582
509 1526 577 1580 10

507 2022 575 2077 15

382 2376 632 2446 75'2‘1'

505 2517 576 2571 20

507 3013 576 3067 25

609 459 688 522 38

1787 453 2053 510 Eusebius

737 625 823 706 τῇ
867 621 1144 710 δευτέρᾳ
1188 623 1544 710 οἰκονομίᾳ
1585 623 1947 708 προσέχων
1990 615 2283 708 τάληθὲς
2324 617 2706 708 μανθάνειν
2742 625 2981 706 ἐθέλει,
3028 611 3226 710 ἄναγ-

733 713 931 787 καῑόν
974 721 1161 788 ἐστιν
1186 713 1571 807 ὖπομνῆσαι
1601 714 1833 803 αὐτόν,
1878 725 2031 802 πῶς
2074 723 2295 790 ἐνίοτε
2342 718 2469 805 [τὸ]
2512 719 2689 790 κατὰ
2733 717 2816 790 τὸ
2861 719 3029 808 [σὴν]
3074 749 3226 807 φαι-

735 813 1029 907 νόμενον
1073 813 1524 909 ἇσυμφωνίαν
1565 821 1750 890 ἐστὶν
1790 822 1973 890 ἰδεῖν.
2046 809 2233 888 οὕτω
2278 816 2403 906 γὰρ
2446 815 2621 908 ἡμᾶς
2660 817 2747 891 τὰ
2792 818 2965 909 ῥητὰ
3009 817 3225 891 διδᾶσ-
3260 841 3329 892 17

735 945 854 987 κει.
941 923 1106 988 ποία
1147 915 1274 1005 γὰρ
1317 921 1393 988 ἐν
1432 925 1648 1008 καιρῷ
1711 923 1838 989 τοῦ
1898 914 2169 1000 πάθους
2228 925 2587 1004 συμφωνία
2646 925 2857 990 τοῦτο
2902 925 3227 1008 λέγοντος

743 1013 1014 1105 ›ut-5169,
1061 1020 1118 1086 εί
1159 1012 1476 1100 δυνατόν,
1521 1023 1931 1106 παρελθέτω
1977 1013 2060 1087 τὸ
2088 1013 2427 1104 ποτήριον
2457 1023 2731 1102 τοῦτοι,
2777 1023 3226 1105 ἐπιφέροντος

735 1119 808 1186 δὲ
849 1113 1123 1187 κάκεῖνο
1173 1113 1396 1204 »πλὴν
1433 1113 1524 1205 μὴ
1571 1113 1668 1199 ὥς
1709 1117 1844 1205 ἐγώ
1888 1121 2097 1200 θέλω,
2142 1111 2289 1188 ἀλλ’
2334 1113 2432 1198 αἶς
2474 1115 2611 1187 σῦι.
2674 1115 2757 1190 οὗ
2786 1124 3227 1206 συμφωνοῦν-

735 1244 856 1298 τος
883 1215 1010 1304 γάρ
1041 1207 1128 1305 ἦν
1157 1223 1446 1302 πρῶτον
1472 1220 1597 1305 μὲν
1627 1214 1709 1286 τὸ
1740 1221 1961 1304 λέγειν
1997 1221 2441 1305 »παρελθέτω
2474 1215 2556 1287 τὸ
2590 1215 2929 1307 ποτήριον
2947 1223 3195 1290 τοῦτο(
3214 1243 3228 1258 ·

735 1311 937 1386 ουδὲν
978 1319 1050 1387 δὲ
1091 1311 1416 1403 ἐχόμενον
1457 1323 1861 1403 συμφωνίας
1920 1323 2033 1385 καὶ
2092 1313 2175 1386 τὸ
2235 1311 2733 1404 ἐπιφερόμενον
2790 1319 2961 1388 εἶναι
3022 1323 3223 1402 δοκεῖ,

735 1419 913 1503 λέγει
955 1413 1083 1504 γὰρ
1135 1419 1146 1501 Ι
1207 1413 1332 1505 »μὴ
1375 1411 1459 1485 τὸ
1503 1413 1687 1501 ἐμὸν,
1733 1410 1910 1487 ἀλλὰ
1953 1413 2037 1486 τὸ
2080 1413 2205 1486 σὸν
2248 1423 2576 1502 γενέσθω,
2620 1413 2857 1506 πάτερ,
2902 1425 3223 1507 θέλημαι.
3264 1442 3371 1515 181
3402 1444 3483 1501 gg

735 1511 1000 1596 ακούεις
1043 1542 1238 1596 οπως
1283 1509 1730 1604 ἇσυμφωνίαν
1770 1514 1948 1586 κατὰ
1980 1514 2061 1586 τὸ
2108 1513 2531 1604 φαινόμενον
2572 1521 2775 1603 δηλοῖ
2810 1513 2893 1587 τὸ
2938 1514 3221 1606 γράμμα,

735 1619 862 1684 τοῦ
903 1619 1026 1702 μὲν
1067 1619 1429 1696 θέλοντος,
1493 1618 1654 1702 (τοῦ
1705 1619 1776 1686 δὲ
1817 1613 1907 1704 μὴ
1952 1619 2337 1700 θέλοντος).
2426 1643 2535 1686 οτι
2577 1621 2699 1703 μὲν
2743 1615 2867 1705 γὰρ
2910 1615 3227 1700 ἐβούλετο

736 1706 774 1782 5
819 1712 1049 1802 πατὴρ
1093 1718 1306 1802 δῆλον
1351 1709 1467 1800 ἀφ’
1515 1741 1622 1783 ων
1663 1707 1702 1784 5
1743 1714 2063 1798 ἐβούλετο
2108 1719 2411 1802 γέγονεν·
2475 1741 2585 1785 οτι
2630 1720 2701 1785 δὲ
2744 1743 2869 1786 ουκ
2911 1714 3225 1801 ἐβούλετο

736 1805 774 1882 5
835 1810 976 1893 υἱὸς
1039 1817 1251 1901 δῆλον
1303 1808 1386 1884 δι’
1433 1841 1535 1885 ων
1570 1831 2027 1935 παραιτεῖται.
2112 1821 2223 1884 καὶ
2286 1803 2484 1896 αὖθις
2550 1809 2669 1884 »οὗ
2734 1821 2951 1903 ςητῶ«
3024 1822 3227 1903 φησὶν

739 1909 858 1982 »τὸ
903 1917 1170 2001 θέλημα
1211 1909 1294 1984 τὸ
1339 1912 1504 1999 ἐμὸν
1547 1908 1720 1984 ἀλλὰ
1761 1911 1844 1984 τὸ
1890 1919 2157 2002 θέλημα
2198 1919 2326 1984 τοῦ
2366 1909 2765 2001 πέμψαντός
2795 1943 2875 2002 με
2903 1911 3224 2003 πατρόςι.

733 2017 884 2094 πῶς
929 2003 1054 2083 οὖν
1097 2010 1225 2084 διὰ
1270 2011 1418 2102 τὴν
1458 2016 1541 2083 ἐν
1587 2003 1883 2084 ἅπασιν
1926 2021 2403 2101 συμφωνίαν
2448 2010 2592 2083 τὸν
2641 2020 2961 2103 σωτῆρα
3014 2020 3223 2103 εἰρη-
3260 2025 3327 2080 19

734 2115 962 2182 κέναι
1008 2119 1214 2200 φησὶν
1262 2112 1458 2200 »ἐγώ
1501 2119 1633 2181 καὶ
1677 2106 1716 2182 5
1759 2111 2021 2201 πατὴρ
2067 2113 2152 2183 ἕν
2194 2117 2506 2200 ἐσμεν«;

607 2217 721 2282 καὶ
765 2210 936 2299 μετὰ
977 2217 1222 2300 βραχέα
1256 2217 1546 2301 ἐπιλέγει

686 2313 874 2403 fflr.
901 2317 1005 2398 65)
1049 2319 1202 2394 πῶς
1244 2318 1720 2400 συμφωνίαν
1763 2313 1938 2400 ἔχειν
1980 2309 2152 2399 πρὸς
2195 2310 2324 2384 τὸν
2362 2315 2628 2398 πατέρα
2672 2306 2710 2382 5
2754 2309 2902 2395 υιὸς
2943 2310 3227 2383 δύναται

733 2435 774 2496 η
822 2404 860 2479 5
904 2409 1134 2501 πατὴρ
1177 2408 1350 2497 πρὸς
1393 2409 1522 2483 τὸν
1563 2407 1744 2496 υἱόν,
1811 2416 1938 2481 τοῦ
1994 2414 2145 2482 υίοῦ
2209 2408 2475 2483 »πάντα
2536 2433 2661 2481 οσα
2724 2414 2853 2498 ἔχει
2912 2406 2953 2482 5
2996 2411 3222 2500 πατὴρ

735 2506 858 2598 ἐμά
900 2514 1119 2580 ἐστινι
1169 2516 1514 2596 λέγοντος.
1598 2509 1919 2599 ἄντικρυς
1960 2509 2115 2638 γὰρν
2123 2517 2709 2594 πλεονεκτοῦντος
2768 2501 2855 2599 ἦν
2906 2516 3033 2582 τοῦ
3072 2514 3223 2582 υιοῦ

735 2607 861 2680 τὸν
903 2614 1166 2697 πατέρα
1208 2607 1290 2679 τὸ
1338 2616 1556 2698 λέγειν
1603 2606 1872 2681 »πάντα
1915 2631 2041 2682 οσα
2083 2611 2214 2698 ἔχει
2258 2605 2297 2682 5
2338 2609 2569 2700 πατὴρ
2600 2606 2725 2699 ἐμά
2766 2614 3007 2681 ἐστινε.
3069 2609 3221 2682 τού·
3257 2624 3327 2679 20

737 2735 860 2778 του
903 2707 1028 2797 γὰρ
1069 2705 1265 2830 x5pcv
1297 2716 1558 2797 ,παρεὶς
1610 2706 1692 2780 τὸ
1734 2705 1969 2781 πάντα
2022 2733 2147 2780 οσα
2206 2712 2334 2798 ἔχει
2397 2704 2435 2781 5
2495 2711 2722 2800 πατὴρ
2780 2707 2979 2781 κοινά
3039 2714 3222 2781 ἐστιν

735 2812 946 2879 εἰπεῖν
1010 2805 1274 2880 »πάντα
1327 2830 1452 2880 οσα
1470 2812 1624 2928 ,ἔχει
1667 2804 1706 2881 5
1749 2808 1976 2899 πατὴρ
2019 2805 2143 2897 ὲμᾶ
2184 2812 2407 2879 ἐστιν(
2458 2812 2602 2899 ἔφη.
2684 2818 2913 2883 καίτοι
2961 2805 3088 2880 οὐκ
3140 2802 3225 2899 ἦν

735 2912 911 2980 ἴδιον
957 2914 1086 2979 τοῦ
1127 2914 1665 2998 συμφωνοῦντος
1711 2936 1900 2983 ουτω
1947 2914 2179 2996 λέγειν,
2242 2904 2443 2980 α’λλᾶ·
2515 2907 2746 2981 πάντα
2806 2932 2931 2981 οσα
2994 2914 3123 2998 ἔχει
3186 2904 3223 2981 5

737 3006 962 3097 πατὴρ
1006 3004 1206 3079 κοινά
1247 3013 1446 3079 ἐστιν.
1533 3014 1592 3079 εἰ
1635 3006 1762 3097 γὰρ
1805 3012 1875 3079 αὶ
1920 3014 2067 3079 τῶν
2110 3005 2533 3081 ἀποστόλων
2570 3006 2851 3095 Πρᾶεεις
2902 3009 3031 3098 τὴν
3077 3016 3225 3079 τῶν

736 3112 1111 3195 τηνικαῦτα
1147 3104 1590 3195 προσιόντων
1631 3116 1718 3196 τῇ
1760 3115 1985 3179 πίστει
2037 3114 2438 3196 συμφωνίαν
2498 3112 2897 3180 ἐπαινοῦσαι
2962 3105 3226 3178 »πάντα

735 3197 822 3295 ἦν
881 3202 1114 3288 αυτοῖς
1171 3206 1406 3277 κοινὰ(
1472 3208 1757 3293 ἔφασαν,
1819 3213 1935 3276 καὶ
1994 3202 2097 3277 ἐπ
2162 3204 2567 3296 ἀνθρωπων
2628 3214 2777 3278 τῶν
2836 3224 3227 3297 συμφωνεῖν

737 3310 1136 3426 δυναμένων
1177 3305 1378 3377 κοινὰ
1419 3308 1592 3377 εἶναι
1634 3303 1867 3377 πάντα
1910 3313 2206 3394 νομίζειν
2250 3302 2527 3394 ὀφείλει,
2572 3306 2768 3395 πόσῳ
2798 3310 3066 3396 μᾶλλον
3096 3308 3225 3377 ἔδει

734 3402 864 3476 τὸν
904 3413 1165 3493 πατέρα
1207 3412 1318 3476 καὶ
1363 3403 1492 3476 τὸν
1531 3404 1686 3477 υἱὸν
1727 3413 2097 3486 κοινωνίας
2138 3411 2455 3494 μετέχειν,
2510 3410 2603 3489 είς
2655 3404 2777 3477 δύο
2822 3401 3226 3487 ὑποστάσεις

734 3509 1201 3594 διῃρημένους
1253 3513 1404 3577 νυνὶ
1447 3509 1520 3575 δὲ
1561 3510 1636 3576 ἐν
1677 3511 1799 3588 μὲν
1841 3510 1947 3595 τῷ
1993 3510 2212 3594 λέγειν
2260 3502 2526 3577 »πάντα
2571 3498 2697 3577 όσα
2742 3508 2871 3593 ἔχει
2914 3500 2955 3575 5
2998 3504 3225 3594 πατὴρ

733 3600 856 3692 ἐμά
899 3607 1117 3675 ἐστιν(
1166 3612 1611 3677 πλεονεκτῶν
1655 3598 1694 3674 5
1747 3602 1895 3687 υἱὸς
1948 3601 2075 3674 τὸν
2124 3610 2385 3692 πατέρα
2438 3610 2779 3692 φαίνεται·
2850 3609 2926 3676 ἐν
2984 3610 3059 3676 δὲ
3122 3610 3223 3694 τῷ

735 3700 1019 3790 φάσκειν
1061 3709 1225 3792 μηδὲ
1269 3708 1395 3775 τοῦ
1439 3706 1686 3775 ἑαυτοῦ
1715 3700 1924 3791 λόγου
1952 3702 2187 3791 κόριον
2216 3706 2406 3788 εἶναι,
2454 3701 2629 3775 ἀλλὰ
2672 3710 2782 3775 καὶ
2812 3702 3071 3776 τούτου
3102 3702 3225 3775 τὸν

732 3808 994 3889 πατέρα
1039 3797 1178 3888 (›5‹
1229 3803 1354 3892 γὰρ
1404 3801 1642 3893 »λόγος
1687 3794 1770 3874 ὃν
1813 3798 2128 3875 ἇκούετε«
2180 3814 2388 3893 φησὶν
2435 3800 2596 3875 »οὐκ
2638 3804 2825 3875 ἔστιν
2862 3802 3021 3892 ἐμὸς
3050 3800 3223 3877 ἀλλὰ
3257 3815 3321 3868 21

779 3971 816 4027 5
853 3972 1051 4025 Massssh.
1089 3974 1171 4039 26,
1208 3974 1274 4029 39
1309 4002 1376 4013 --
1411 3975 1450 4030 6
1486 3972 1683 4027 Matth.
1719 3974 1802 4041 26,
1839 3974 1906 4028 39
1950 4002 2017 4011 -
2076 3974 2104 4028 7
2146 3973 2343 4028 Matth.
2380 3976 2461 4041 26,
2497 3976 2565 4031 39
2616 4003 2683 4012 —
2734 3973 2774 4029 ⁹
2808 3972 3008 4029 Mam»
3042 3975 3127 4037 26,
3160 3974 3227 4029 39

606 4102 676 4112 -
715 4072 793 4127 18
831 4072 952 4127 Joh.
989 4075 1038 4137 5,
1073 4075 1143 4129 30
1175 4104 1242 4113 —
1281 4075 1358 4132 16
1395 4074 1516 4129 Joh.
1555 4076 1636 4141 10,
1671 4076 1739 4129 30
1775 4104 1841 4113 —-
1880 4076 1957 4129 19
1994 4074 2115 4130 Joh.
2155 4078 2235 4142 16,
2272 4078 2338 4130 15
2390 4105 2457 4114 -
2510 4077 2584 4131 21
2623 4074 2748 4130 Joh.
2786 4076 2867 4139 16,
2903 4077 2970 4131 15
3022 4106 3090 4115 —
3145 4075 3225 4131 28

605 4174 731 4228 Joh.
773 4175 850 4233 16.
889 4176 955 4230 15
991 4204 1058 4213 -
1095 4174 1173 4230 26
1208 4176 1329 4230 Act.
1364 4178 1414 4239 4,
1451 4178 1518 4231 32
1553 4206 1620 4215 -
1656 4174 1738 4233 30
1774 4174 1895 4229 Joh.
1936 4176 2015 4241 16,
2056 4178 2118 4231 15
2156 4206 2220 4215 —
2257 4176 2336 4231 88
2371 4176 2495 4233 Joh.
2532 4180 2613 4240 14,
2650 4178 2718 4230 24

783 4323 818 4378 2
855 4324 1002 4380 κατὰ
1037 4322 1103 4380 τὸ
1139 4338 1223 4379 mr
1267 4323 1377 4395 vgl.
1413 4326 1469 4379 Z.
1508 4326 1574 4380 10
1607 4324 1675 4380 τὸ
1710 4322 1858 4381 κατὰ
1894 4326 1996 4394 τὴν
2032 4326 2135 4394 σὴν
2170 4326 2221 4380 V
2272 4328 2282 4395 Ι
2332 4326 2375 4383 4
2408 4326 2599 4397 τοῦτο]
2636 4332 2701 4392 -Ι-
2734 4325 2881 4396 ab?
2932 4326 2944 4393 1
3010 4324 3085 4381 11
3124 4329 3229 4381 τοῦ

611 4423 672 4481 δὲ
705 4424 782 4493 μὴ
819 4423 1093 4491 θέλοντος
1128 4426 1204 4479 V²
1239 4426 1370 4481 a-R..
1424 4428 1435 4496 Ι
1491 4428 1566 4482 12
1605 4422 1638 4481 5
1675 4422 1961 4499 ἐβούλετο]
1998 4444 2065 4481 zu
2100 4428 2240 4482 εει-ἧ)
2292 4428 2303 4495 Ι
2355 4429 2428 4483 21
2467 4426 2534 4485 τὸ
2570 4426 2756 4499 λέγειν
2798 4428 2874 4482 Kl
2922 4426 3033 4497 vgl.
3070 4428 3123 4481 Z.
3160 4428 3227 4482 24

609 4531 715 4583 τοῦ
745 4523 1016 4594 λέγοντος
1051 4528 1100 4580 V
1151 4529 1161 4595 Ι
1217 4527 1296 4583 22
1344 4524 1514 4599 χάριν
1547 4526 1660 4598 γὰρ
1697 4528 1802 4591 V*,
1856 4548 1927 4577 ω
1980 4529 2056 4582 V²
2108 4531 2117 4595 Ι
2172 4529 2251 4585 28
2306 4526 2522 4601 ὀφείλει
2572 4530 2665 4585 Mo
2720 4527 3066 4599 ὀφειλόντων
3104 4528 3155 4581 V
3216 4528 3222 4592 ¹,

610 4626 693 4682 29
729 4622 873 4697 υἱὸν]
910 4635 973 4692 -ἦ-
1009 4634 1106 4697 τῆς
1141 4623 1312 4695 αὐτῆς
1345 4629 1438 4684 Mo
