3694 5582
1311 529 1381 586 de
1413 529 1786 586 ecelesiastica.
1815 531 2105 602 bhoologia
2137 532 2163 584 I
2196 533 2245 588 8.
2282 534 2331 588 9.
3048 543 3127 606 67

501 687 886 781 αῦτολόγον
937 700 1049 765 καὶ
1109 690 1600 784 <αὗτο>σοφίαν
1661 701 1895 782 σοφῶς
1940 694 2027 766 τά
2068 691 2299 767 πάντα
2339 702 2452 768 καὶ
2506 706 2797 786 λογικῶς
2848 693 3126 786 ὖφιστά-
3186 742 3189 751 -

500 789 711 881 μενόν
753 821 826 864 τε
867 801 983 865 καὶ
1025 800 1438 880 διοικοῦντα,
1486 823 1590 864 ων
1632 793 1714 883 δὴ
1741 791 1939 883 χάριν
1978 794 2347 884 μονογενὴς
2376 794 2521 880 υἱὸς
2552 803 2678 867 τοῦ
2707 803 2877 869 θεοῦ
2917 793 3126 888 μόνος

505 888 712 974 αὐτὸς
753 900 866 964 καὶ
911 889 1132 976 οὐδεὶς
1177 892 1390 978 ἄλλος
1433 889 1881 986 ἀνηγόρευταί
1924 921 1999 965 τε
2040 901 2150 964 καὶ
2196 897 2395 966 ἔστιν.

665 999 706 1065 9
751 985 923 1065 οθεν
969 989 1256 1075 εἰκότως
1299 991 1387 1065 α”ν
1432 1023 1536 1076 τις
1581 997 1920 1083 μέμψαιτο
1952 1011 2097 1076 τοῖς
2128 1002 2371 1083 κτίσμα
2405 992 2620 1067 αὐτὸν
2647 991 2861 1084 φάναι
2889 1006 3123 1068 τετολ·
3160 1007 3247 1068 ὅτι
3271 1015 3347 1082 μὴ
3373 1021 3495 1080 τοῖς

428 1107 463 1159 5
496 1090 814 1179 μηκόσιν,
875 1097 946 1179 ἐξ
999 1099 1010 1183 Ι
1066 1090 1192 1166 οῦκ
1253 1085 1486 1166 ὄντων
1539 1088 1794 1183 ὁμοίως
1839 1112 1987 1176 τοῖς
2031 1105 2298 1175 λοιποῖς
2340 1102 2696 1183 κτίσμασιν
2737 1091 3123 1186 γενόμενον.
3157 1097 3224 1156 67
3257 1102 3494 1166 πολλοῖς

496 1199 608 1262 καὶ
651 1199 806 1278 πῶς
846 1193 973 1283 γὰρ
1018 1196 1122 1264 ἔτι
1165 1195 1353 1264 ἔσται
1380 1188 1555 1278 υἱός,·
1595 1199 1747 1275 πῶς
1777 1197 1849 1264 δὲ
1877 1191 2253 1282 μονογενὴς
2290 1200 2417 1265 τοῦ
2447 1200 2617 1265 θεοῦ
2661 1189 2698 1265 6
2744 1194 2874 1283 τὴν
2904 1190 3122 1284 αὐτὴν
3174 1201 3491 1320 ἐπ’(ἷμασινὶ

496 1309 646 1374 τοῖς
688 1302 957 1375 λοιποῖς
996 1299 1354 1382 κτίσμασιν
1395 1288 1936 1383 ἐπιγραφόμενος
1980 1290 2213 1379 φύσιν;
2264 1292 2481 1380 ταύτῃ
2526 1294 2651 1383 γὰρ
2694 1290 2992 1382 ἀδελφὸς
3038 1291 3121 1366 ἂν
3158 1271 3190 1306 ⁰
3192 1269 3273 1373 ⁹1?
3295 1271 3432 1385 31ῧέ
3434 1273 3469 1307 a

497 1389 775 1464 τούτων
818 1399 1087 1481 γένοιτο
1131 1399 1418 1482 μᾶλλον,
1465 1387 1611 1482 οῦχὶ
1643 1397 1714 1463 δὲ
1742 1389 1887 1474 υἱὸς
1919 1398 2045 1463 τοῦ
2081 1398 2269 1477 θεοῦ,
2314 1400 2463 1464 τῶν
2500 1421 2575 1462 τε
2600 1399 2893 1465 πολλῶν
2936 1421 3121 1483 γενη-
3212 1383 3440 1457 ὑπέστη·

497 1498 642 1562 τῶν
703 1495 890 1562 ἔσται
950 1489 1076 1582 εἶς,
1132 1521 1256 1564 ατε
1297 1499 1422 1581 τῆς
1463 1495 1532 1578 ἐξ
1579 1488 1704 1564 οῦκ
1747 1483 1981 1562 ὄντων
2021 1499 2305 1575 κτίσεως
2350 1487 2603 1581 ὁμοίως
2645 1488 2879 1574 αῦτοῖς
2919 1521 3119 1582 μετα-

391 1600 462 1654 1Ο
497 1590 684 1678 σχιὸν
699 1600 1112 1711 κοινωνίας.
1198 1587 1350 1664 ἀλλ’
1395 1620 1515 1680 ουχ
1561 1581 1692 1661 ωδε
1747 1591 1835 1662 τὰ
1896 1599 2051 1664 θεῖα
2094 1599 2247 1712 περὶ
2301 1587 2512 1663 αυτοῦ
2553 1591 2848 1663 παιδεύει
2908 1588 3119 1682 λόγια.
3188 1608 3221 1660 2

495 1685 646 1760 ἀλλ’
691 1718 813 1762 οτε
853 1695 978 1779 μὲν
1020 1695 1170 1780 τῆς
1189 1698 1336 1764 τῶν
1379 1697 1691 1780 γενητῶν
1727 1687 2083 1778 υπάρξεως
2134 1690 2266 1781 τὴν
2326 1697 2763 1764 διδασκαλίαν
2804 1710 3119 1774 ποιεῖται,

500 1784 783 1878 ἀθρόως
827 1787 914 1860 τὰ
956 1787 1188 1863 πάντα
1231 1809 1558 1880 μαρτυρεῖ
1596 1787 1678 1861 δι’
1725 1786 1941 1862 αυτοῦ
1982 1797 2355 1878 γεγονέναι·
2441 1788 2741 1862 ›adura‹
2808 1790 2933 1882 γὰρ
2999 1787 3119 1863 »δι’

503 1883 715 1960 αῦτοῦ
744 1891 1034 1978 ἐγένετο,
1077 1897 1188 1962 καὶ
1217 1895 1426 1981 χωρὶς
1454 1885 1666 1962 αὐτοῦ
1694 1893 1962 1978 ἐγένετο
1994 1886 2149 1961 οῦδὲ
2180 1893 2289 1962 ἓν«
2324 1898 2437 1962 καὶ
2471 1894 2584 1963 »ἐν
2614 1887 2802 1980 αὐτῷ
2839 1893 3121 1982 ἐκτίσθη

501 1987 590 2059 τὰ
632 1984 865 2060 πάντα
908 1987 997 2061 τὰ
1041 1993 1117 2060 ἐν
1161 2007 1306 2072 τοῖς
1351 1984 1666 2077 οὐρανοῖς
1709 1996 1820 2060 καὶ
1867 1988 1952 2060 τὰ
1996 1994 2106 2062 ἐπὶ
2149 1996 2273 2080 τῆς
2318 1997 2463 2079 γῆς,
2528 1995 2661 2062 εἴτε
2722 1986 2941 2079 ὁρατὰ
2984 1995 3119 2064 εἴτε

392 2097 464 2151 15
502 2083 796 2174 ἀόρατα(
846 2095 960 2161 καὶ
1007 2086 1132 2160 »τὰ
1174 2084 1406 2160 πάντα
1451 2082 1535 2159 δι’
1578 2085 1792 2160 αὐτοῦ
1819 2095 1932 2161 καὶ
1979 2095 2071 2172 είς
2116 2086 2330 2162 αὐτὸν
2370 2091 2692 2162 ἔκτισται·
2757 2097 2867 2162 καὶ
2914 2088 3119 2175 αὐτός

501 2191 686 2260 ἐστιν
747 2188 884 2278 πρὸ
948 2186 1241 2260 πάντων
1300 2196 1415 2260 καὶ
1476 2187 1561 2260 τὰ
1621 2186 1851 2260 πάντα
1894 2193 1970 2260 ἐν
2014 2185 2201 2278 αὐτῷ
2250 2193 2689 2276 συνέστηκεν«
2754 2188 2931 2261 κατὰ
2996 2190 3117 2272 τὰς

500 2282 964 2370 ἀποστολικὰς
993 2293 1442 2370 διδασκαλίας.
1485 2283 1604 2359 ὅτε
1633 2293 1705 2359 δὲ
1733 2289 1865 2378 τὴν
1882 2295 2038 2379 περὶ
2064 2284 2279 2361 αὐτοῦ
2296 2295 2666 2378 θεολογίαν
2687 2286 2947 2378 εἰσάγει,
2969 2297 3117 2361 τῶν
3183 2304 3217 2358 3

393 2391 400 2400 “
497 2393 621 2474 μὲν
649 2393 923 2459 λοιπῶν
949 2383 1290 2460 ἀπάντων
1331 2384 1546 2460 αὐτὸν
1591 2383 1919 2477 ἀφορίζει,
1966 2386 2203 2478 κύριον
2246 2393 2319 2458 δὲ
2362 2385 2578 2459 αὐτὸν
2618 2395 2729 2459 καὶ
2777 2385 3116 2480 δεσπότην

497 2493 608 2557 καὶ
650 2485 1062 2576 δημιουργὸν
1108 2493 1218 2558 καὶ
1264 2487 1436 2559 θεὸν
1480 2494 1592 2559 καὶ
1636 2493 1913 2576 σωτῆρα
1956 2494 2103 2559 τῶν
2157 2481 2346 2559 ὅλων
2390 2489 2601 2573 οἶδεν,
2654 2495 2996 2580 ’μονογενῆ
3040 2517 3115 2561 τε

387 2593 460 2648 20
495 2584 651 2658 υἱὸν
693 2592 866 2658 θεοῦ
908 2582 1124 2675 μόνον
1167 2582 1383 2659 αὐτὸν
1423 2593 1536 2658 καὶ
1581 2584 1825 2659 οὐδένα
1870 2585 2091 2659 ἄλλον
2134 2583 2530 2674 ἀποφαίνει,
2578 2595 2827 2675 σοφίαν
2877 2616 2953 2659 τε
3002 2596 3115 2660 καὶ

499 2681 712 2775 λόγον
752 2692 866 2756 καὶ
911 2684 1094 2774 ζωὴν
1135 2692 1250 2756 καὶ
1294 2693 1445 2774 φῶς
1487 2683 1704 2775 μόνον
1747 2683 1963 2759 αὐτὸν
2005 2683 2363 2770 ἀποκαλεῖ,
2417 2684 2715 2760 »είκόναι
2764 2693 2905 2776 <τε>
2956 2694 3118 2761 »τοῦ

496 2791 664 2859 θεοῦ
708 2791 836 2858 τοῦ
879 2781 1214 2873 ἀοράτου(
1272 2793 1386 2857 καὶ
1441 2781 1881 2875 »ἀπαύγασμα
1935 2785 2174 2873 φωτὸς
2217 2782 2503 2873 ἀιδίουι,
2560 2783 2755 2876 ἕτερά
2799 2817 2873 2860 τε
2916 2787 3117 2879 μύρια

497 2883 776 2969 τούτοις
818 2882 1080 2972 ἀδελφὰ
1123 2890 1280 2974 περὶ
1323 2882 1538 2958 αὐτοῦ
1581 2883 1887 2973 δοξάζειν
1932 2884 2255 2971 διδάσκει,
2303 2878 2439 2958 ῶδέ
2477 2914 2573 2977 πη
2620 2892 2740 2977 τῆς
2783 2895 3118 2977 πατρικῆς

499 2980 842 3074 θεότητος
885 2982 1018 3073 τὴν
1059 2982 1234 3073 πρὸς
1279 2981 1497 3074 μόνον
1551 2982 1763 3057 αὐτὸν
1817 2982 2068 3058 ῶσανεὶ
2120 2984 2293 3074 πρὸς
2350 2984 2501 3057 υἱὸν
2557 2993 2893 3077 μονογενῆ
2954 2986 3117 3060 ἰδιά-

385 3090 458 3145 25
499 3095 750 3170 ζουσαν
807 3089 1029 3172 σχέσιν
1070 3083 1598 3175 ἐπιδεικνύμενα.
1692 3084 1796 3157 διὸ
1858 3093 1970 3157 καὶ
2029 3084 2180 3157 υἱὸν
2242 3080 2597 3173 ἀγαπητὸν
2659 3082 3115 3177 ἀνεκήρυττεν
3183 3108 3217 3159 4

495 3180 712 3272 μόνον
775 3180 990 3256 αὐτὸν
1051 3180 1221 3272 ἀμφὶ
1283 3184 1369 3255 τὰ
1427 3180 1770 3273 Ἰορδάνου
1831 3188 2070 3275 ῥεῖθρα
2135 3182 2177 3275 ἦ
2238 3184 2534 3273 πατρικὴ
2600 3185 2801 3275 φωνὴ
2863 3183 3113 3275 μεγάλῃ

498 3289 930 3373 μαρτυροῦσα
973 3290 1100 3372 βοῇ
1159 3290 1271 3357 51⁸
1334 3276 1576 3367 »οὗτός
1638 3290 1822 3356 ἐστιν
1886 3280 1923 3356 6
1984 3280 2129 3367 υἱός
2187 3312 2318 3374 μου
2380 3278 2417 3354 6
2481 3279 2858 3375 ἀγαπητός,
2919 3290 2993 3357 ἐν
3055 3278 3113 3376 ᾧ

498 3379 906 3472 ηὕδόκησαι.
994 3390 1108 3454 καὶ
1162 3388 1470 3471 δευτεροῖ
1517 3413 1589 3473 γε
1635 3384 1764 3473 τὴν
1805 3393 2182 3474 μαρτυρίαν
2232 3390 2341 3453 καὶ
2386 3386 2497 3455 ἐπὶ
2542 3390 2664 3473 τῆς
2707 3389 2781 3456 ἐν
2824 3392 2928 3474 τῷ
2975 3380 3117 3473 ὄρει

495 3481 1092 3572 μεταμορφώσεως
1133 3483 1262 3556 τὸν
1305 3481 1520 3555 αὐτὸν
1562 3488 2171 3573 ἐπισφραγιζομένη
2201 3480 2431 3571 λόγον.
2498 3478 2708 3554 αὐτοῦ
2747 3490 3115 3574 τοιγαροῦν
3182 3506 3215 3558 5

670 3703 860 3759 2-10
913 3704 1022 3770 vgl.
1055 3704 1302 3759 Socrates
1354 3706 1408 3759 h.
1445 3722 1490 3760 e.
1537 3706 1586 3773 2,
1605 3706 1669 3761 21
1709 3704 1812 3775 (ed.
1850 3705 2108 3773 Huseey):
2161 3700 2487 3761 ἐπάκουσον
2532 3696 2628 3761 οἶα
2674 3702 2942 3776 Εὐσέβιος
2983 3706 3115 3773 περὶ

495 3802 706 3860 τούτου
757 3800 818 3859 ἐν
872 3810 955 3875 τῷ
991 3801 1203 3879 πρώτῳ
1238 3806 1436 3881 βιβλίῳ
1469 3812 1554 3881 τῷ
1607 3807 1662 3875 (l.
1707 3806 1883 3874 τῶνῖ)
1919 3800 2069 3876 πρὸς
2104 3804 2447 3875 Μάρκελλον
2481 3802 2629 3861 κατὰ
2664 3804 2813 3871 λέξιν
2852 3807 3042 3875 φησίν·
3082 3804 3114 3861 ὁ

495 3908 816 3977 μονογενὴς
851 3948 1068 3963 .....
1102 3906 1354 3964 παιδεύει
1387 3904 1574 3979 λόγια.
1610 3938 1675 3948 -
1732 3908 1770 3963 4
1803 3907 1917 3978 vgl.
1954 3906 2151 3977 Epiph.
2186 3908 2336 3964 haer.
2372 3908 2455 3975 69,
2476 3908 2583 3962 34⁴?
2618 3936 2685 3945 —-
2725 3907 2799 3962 12
2838 3907 2959 3963 Joh.
2998 3910 3044 3972 1,
3082 3910 3115 3962 3

496 4038 562 4047 -
622 4008 698 4063 18
735 4007 856 4063 Kol.
896 4011 942 4076 1,
981 4008 1046 4064 16
1091 4038 1156 4048 —
1214 4008 1288 4064 15
1327 4008 1450 4065 Kol.
1487 4014 1533 4077 1,
1571 4011 1652 4065 16.
1690 4012 1753 4064 17
1789 4040 1857 4047 —
1895 4009 1970 4065 21
2012 4008 2133 4062 ΚΟῙ.
2172 4012 2218 4071 1,
2256 4012 2321 4064 15
2356 4038 2423 4047 --
2459 4009 2538 4063 22
2577 4008 2784 4063 Weish.
2820 4008 2929 4062 Sal.
2967 4010 3013 4072 7,
3050 4009 3115 4064 26

497 4138 566 4149 -
602 4111 678 4168 27
717 4110 916 4165 Matth.
952 4113 1000 4173 3,
1039 4112 1102 4166 17
1139 4110 1261 4165 Par.
1298 4141 1365 4148 —
1401 4112 1480 4167 28
1515 4111 1830 4176 Matth..17,
1868 4114 1901 4165 5
1937 4111 2060 4165 Par.

675 4294 704 4349 1
763 4290 1116 4363 αὐτοσοφίαν
1152 4308 1236 4348 mr
1292 4296 1301 4363 Ι
1355 4294 1391 4349 2
1442 4292 1632 4367 χάριν]
1670 4303 1733 4360 -f-
1771 4286 1805 4349 6
1841 4295 1987 4348 Soor.
2038 4297 2049 4363 1
2103 4293 2141 4348 8
2196 4290 2376 4358 οὗδεὶς
2414 4292 2517 4347 We
2550 4293 2661 4362 vgl.
2699 4292 2752 4346 Z.
2788 4294 2856 4349 20
2902 4290 3030 4349 οὐδὲ
3067 4294 3115 4345 V

500 4394 644 4451 Soet.
698 4397 709 4461 Ι
762 4395 798 4451 5
845 4388 1050 4463 ὅμοιον
1095 4396 1240 4451 Soet.
1293 4398 1303 4463 Ι
1360 4396 1437 4452 71
1482 4394 1658 4465 ταύτῃ
1693 4426 1760 4436 —-
1805 4400 1949 4452 θεοῦ
2002 4404 2067 4455 <
2111 4394 2254 4448 Socr.
2310 4394 2320 4463 Ι
2375 4395 2453 4451 10
2505 4394 2825 4464 κοινωνίας]
2879 4398 2975 4447 etr.
3011 4393 3116 4448 We

499 4498 606 4554 καὶ,
647 4515 700 4551 κ.
747 4494 864 4551 cod.
903 4497 962 4550 M
998 4496 1090 4552 bei
1126 4498 1273 4553 Soor.
1327 4499 1336 4565 Ι
1389 4499 1520 4569 περὶ
1574 4496 1750 4553 αὐτοῦ
1805 4496 1878 4553 τὰ
1914 4501 2047 4553 θεῖα
2084 4496 2229 4551 Soet.
2284 4497 2292 4565 Ι
2349 4495 2428 4550 20
2466 4493 2625 4552 οὐδὲν
2663 4496 2759 4558 V*,
2797 4513 2931 4551 corr.
2970 4497 3043 4549 V¹
3105 4499 3111 4563 1

502 4596 578 4653 21
617 4614 680 4653 τε
715 4615 772 4651 m
825 4599 835 4666 Ι
899 4597 976 4655 25
1013 4595 1440 4671 ἐπιδεικνύμενα
1478 4598 1564 4654 Ga
1599 4599 1708 4669 vgl.
1746 4598 1798 4652 Ζ.
1819 4600 1887 4655 10
1921 4594 2339 4667 ἐπιδεικνυμένη
2366 4598 2414 4651 V
2480 4598 2489 4667 l
2560 4597 2674 4652 261
2720 4594 2938 4667 μεγάλη
2975 4616 3114 4667 μαρ-

501 4705 750 4769 τυροῦσα
785 4702 897 4772 βοᾶ
935 4700 1001 4770 V,
1039 4718 1173 4756 corr.
1213 4701 1283 4754 Kl
1320 4700 1431 4771 vgl.
1471 4702 1538 4756 de
1573 4701 1704 4755 ecel.
1735 4700 1814 4756 th.
1853 4702 1923 4767 ΙΙ,
1959 4700 2043 4765 23,
2078 4702 2109 4753 5

2618 4784 2690 4836 5*
