3694 5582
1283 501 1478 554 contra
1509 500 1832 554 Marcellum
1868 500 1921 553 II
1955 503 2003 554 4.
2885 507 2963 568 57

357 654 514 729 αὐτὸ
555 655 842 742 πάντως
885 689 1024 734 που
1065 669 1176 732 καὶ
1221 659 1592 750 ἄφθαρτον
1643 671 1752 733 καὶ
1814 659 2183 734 ἀδιάλυτον
2247 659 2595 752 ῦποθήσῃ,
2658 661 2964 748 πεφυκὸς

357 763 422 830 δὲ
464 764 786 832 τοιοῦτον
827 766 1008 848 μένει
1053 761 1370 843 συνεστὸς
1413 761 1668 852 δηλαδὴ
1719 770 1832 833 καὶ
1886 760 2275 834 ἀδιάλυτον.
2364 759 2539 834 ἀλλὰ
2582 761 2709 833 τὸν
2752 759 2962 850 λόγον

357 856 630 949 ἀφῄρεις
672 856 886 930 αὐτοῦ
926 868 1038 931 καὶ
1083 867 1187 952 τῷ
1231 867 1380 950 θεῷ
1425 867 1778 951 συνῆπτες
1866 859 2123 934 οὐκοῦν
2164 863 2328 934 ἄνευ
2366 859 2577 950 λόγου
2617 859 2834 950 μόνον
2878 860 2959 932 τὸ
2995 877 3062 930 24

355 965 538 1047 σῶμα
579 956 897 1048 στήσεται
940 964 1016 1031 ἐν
1057 957 1392 1050 ἀθανάτῳ
1435 968 1546 1032 καὶ
1591 957 1937 1052 ἀφθάρτῳ
1984 958 2225 1055 ἀλογία
2265 969 2375 1034 καὶ
2422 958 2759 1082 ἀκινησίᾳ;
2812 969 2963 1042 πῶς

291 1071 322 1124 5
354 1064 420 1128 δὲ
463 1054 669 1178 αὐτὸς
711 1054 751 1131 6
796 1056 1002 1147 λόγος
1045 1067 1140 1143 εἰς
1184 1059 1312 1132 τὸν
1343 1059 1514 1132 θεὸν
1542 1059 1833 1151 χωρήσει
1862 1069 1974 1132 καὶ
2004 1085 2128 1134 συν
2133 1061 2517 1151 αφθήσεται
2544 1053 2743 1144 αὖθις
2771 1057 2959 1150 αὐτῷ

348 1157 512 1244 μετὰ
555 1156 684 1230 τὸν
729 1166 852 1248 τῆς
894 1159 1141 1246 σαρκὸς
1167 1157 1542 1250 χωρισμόν,·
1587 1153 1714 1248 ἆρα
1741 1161 1829 1251 μὴ
1862 1155 1969 1230 ὢν
2012 1166 2087 1232 ἐν
2130 1169 2229 1251 τῷ
2269 1168 2437 1252 θεῷ,
2484 1155 2601 1233 ὅτε
2645 1169 2731 1249 τῇ
2768 1169 2963 1248 σαρκὶ

349 1263 584 1347 συνῆν;
655 1255 804 1332 ἀλλ’
849 1253 953 1331 ὢν
998 1265 1072 1332 ἐν
1118 1257 1309 1352 αὐτῷ
1353 1260 1464 1332 διὰ
1507 1258 1796 1343 παντός,
1861 1258 2205 1344 συναίδιός
2249 1289 2322 1332 τε
2384 1290 2488 1334 ων
2546 1269 2657 1333 καὶ
2720 1263 2797 1331 ἓν
2854 1268 2967 1330 καὶ

350 1353 606 1428 ταῦτὸν
650 1365 752 1448 τῷ
797 1367 964 1450 θεῷ.
1049 1367 1199 1444 πῶς
1245 1353 1369 1436 οὖν
1421 1357 1719 1450 ῦπῆρχεν
1780 1366 1857 1432 ἐν
1916 1369 2021 1452 τῷ
2082 1362 2373 1452 σῶματι,·
2444 1366 2500 1432 εί
2561 1367 2682 1450 μὲν
2745 1366 2966 1449 ψυχῆς

353 1462 541 1546 δίκην
585 1431 802 1530 οἰκῶν
843 1463 919 1530 ἐν
964 1458 1175 1550 αὐτῷ,
1223 1465 1408 1531 ἔσται
1453 1459 1582 1568 ἄρα
1625 1466 1698 1532 ἐν
1741 1457 2127 1546 ὑποστάσει,
2172 1469 2299 1534 τοῦ
2341 1461 2605 1550 πατρὸς
2648 1483 2962 1548 κεχωρισ-

261 1571 322 1622 10
349 1563 574 1645 μένος,
639 1566 780 1646 ζῶν
834 1588 911 1630 τε
969 1567 1080 1630 καὶ
1122 1555 1436 1646 ῦφεστῶς
1479 1555 1582 1632 ἐν
1596 1592 1638 1650 ῃ
1683 1560 2052 1650 ἀνείληφεν
2094 1569 2305 1649 σαρκί.
2393 1566 2459 1630 τί
2498 1553 2624 1631 οὖν
2668 1560 2967 1632 ἐκώλυεν
2999 1569 3065 1624 25

349 1663 456 1726 καὶ
500 1655 640 1744 πρὸ
685 1663 808 1748 τῆς
853 1665 980 1731 τοῦ
1021 1657 1278 1750 κόσμου
1319 1658 1700 1750 συστάσεως
1741 1659 1894 1731 υἱὸν
1944 1667 2113 1732 θεοῦ
2166 1667 2397 1747 ζῶντα
2456 1655 2669 1731 αὐτὸν
2730 1654 2967 1748 όμολο-

350 1774 522 1844 γεῖν;
565 1752 716 1829 ἀλλ’
761 1763 940 1831 ειποι
983 1755 1070 1828 ἀν
1113 1764 1276 1843 ισως
1319 1765 1613 1852 ἐνεργείᾳ
1657 1758 1832 1850 μόνῃ
1878 1757 2023 1849 οὐχὶ
2069 1767 2141 1831 δε
2184 1757 2413 1843 οὐσίας
2450 1756 2815 1831 ὖποστάσει
2858 1767 2967 1828 καὶ

348 1860 420 1926 ἐν
462 1861 570 1946 τῷ
613 1858 878 1947 σώματι
921 1865 1298 1948 γεγονέναι·
1363 1867 1687 1988 ‹59an
1729 1860 1857 1948 γὰρ
1902 1865 2197 1952 ἐνεργείᾳ
2236 1857 2411 1948 μόνῃ
2445 1865 2606 1948 φησὶ
2645 1865 2729 1947 τῇ
2774 1863 2967 1948 σαρκὶ

348 1956 576 2028 συνῶν
619 1964 746 2048 (τῷ
789 1977 1002 2030 κινεῖν
1047 1955 1264 2048 αὐτὴν
1291 1966 1403 2031 καὶ
1431 1987 1761 2046 πραττειν
1791 1953 2047 2046 ὅσαπερ
2088 1964 2165 2030 ἐν
2196 1955 2629 2048 Εῦαγγελίοις
2660 1965 2963 2047 φέρεται)

257 2069 316 2121 15
349 2053 538 2146 οὐσίᾳ
583 2063 688 2148 τῷ
731 2065 878 2147 θεῷ
933 2065 1265 2148 συνῆπτο,
1330 2059 1440 2131 οἷα
1499 2055 1700 2146 λόγος
1763 2055 2087 2147 ὑπάρχων
2149 2055 2361 2132 αὐτοῦ
2422 2055 2795 2148 ἀχῶριστος
2854 2065 2963 2130 καὶ

349 2152 772 2240 ἀδιάστατος.
826 2165 834 2241 Ι
891 2165 949 2230 εἰ
993 2156 1074 2246 δὴ
1119 2164 1336 2229 ταῦτα
1381 2165 1582 2246 λέγοι,
1627 2156 2049 2247 ἐρωτήσασιν
2093 2153 2252 2247 ἡμῖν
2294 2153 2811 2246 ἀποκρινάσθω,
2858 2153 2963 2244 ἀρ’
3000 2163 3197 2234 26155

348 2259 454 2328 ἐπὶ
495 2253 722 2346 μόνην
763 2256 898 2346 τὴν
939 2255 1152 2346 σάρκα
1195 2257 1457 2346 ταύτην
1485 2255 1543 2347 ἦ
1586 2265 1712 2329 τοῦ
1755 2256 1966 2346 λόγου
2006 2261 2300 2345 ἐνέργεια
2346 2261 2669 2343 ἔφθακεν,
2716 2253 2861 2347 οῦχὶ
2894 2263 2965 2328 δὲ

345 2362 451 2425 καὶ
496 2357 606 2444 ἐφ’
651 2357 924 2447 ἑτέρους
961 2352 1382 2444 ἀνθρώπους
1425 2359 1588 2439 τοὺς
1631 2353 1862 2446 ἁγίους
1904 2363 2031 2430 τοῦ
2074 2362 2275 2440 θεοῦ;
2332 2363 2445 2426 καὶ
2490 2362 2584 2440 είς
2626 2355 2713 2426 τὰ
2758 2356 2967 2428 λοιπὰ

347 2461 414 2525 δὲ
457 2452 694 2527 πάντα
738 2463 864 2529 τοῦ
906 2454 1118 2545 λόγου
1159 2454 1710 2546 δημιουργήματα
1755 2453 1901 2544 οὐχὶ
1946 2452 1983 2528 6
2030 2454 2239 2541 αὐτὸς
2282 2461 2539 2544 ἐνεργεῖ
2578 2451 2813 2543 λόγος,·
2855 2464 2966 2528 καὶ

252 2565 315 2620 20
345 2554 474 2644 μὴν
533 2554 1020 2646 μεμαθήκαμεν
1082 2553 1178 2640 ῶς
1245 2563 1384 2646 »τῷ
1445 2553 1630 2646 λόγῳ
1691 2566 1929 2644 κυρίου
1972 2561 2037 2632 οἱ
2085 2553 2363 2646 οὐρανοὶ
2408 2555 2958 2645 ἐστερεώθησαν(

343 2661 450 2724 καὶ
500 2653 772 2728 »πάντα
817 2652 898 2728 δι’
944 2653 1159 2728 αὐτοῦ
1211 2659 1510 2745 ἐγένετο,
1571 2663 1682 2727 καὶ
1742 2663 1950 2746 χωρὶς
2012 2652 2223 2729 αὐτοῦ
2283 2661 2552 2746 ἐγένετο
2616 2651 2771 2727 οῦδὲ
2834 2655 2964 2725 ἕνα.

345 2751 598 2827 οὐκοῦν
639 2759 893 2844 ἐνεργεῖ
929 2762 1040 2829 καὶ
1083 2759 1193 2829 ἐπὶ
1237 2753 1544 2828 πάντων.
1629 2757 1931 2845 ἔγνωμεν
1990 2751 2127 2827 ἀπὸ
2188 2762 2337 2827 τῶν
2396 2762 2615 2829 θείων
2674 2760 2964 2846 γραφῶν
2998 2763 3063 2818 27

343 2862 452 2926 καὶ
497 2886 601 2938 ως
650 2852 889 2944 »λόγος
931 2865 1168 2945 κυρίου
1209 2854 1499 2945 ἐγενήθη
1527 2854 1701 2943 πρὸς
1729 2853 1920 2946 Ὠσηὲ
1951 2856 2077 2929 τὸν
2107 2862 2233 2929 τοῦ
2264 2864 2534 2946 Βεηρίι,
2578 2861 2689 2926 καὶ
2725 2852 2967 2943 »λόγος

343 2964 580 3043 κυρίου
631 2954 922 3045 ἐγενήθη
980 2956 1154 3043 πρὸς
1193 2952 1463 3027 Ἡσαΐαν
1521 2955 1674 3027 υιὸν
1715 2953 1997 3044 Ἀμώς-ι,
2058 2963 2171 3027 καὶ
2237 2949 2350 3038 »ὃς
2408 2953 2701 3045 ἐγενήθη
2765 2952 2967 3043 λόγος

251 3064 312 3117 2⁷>
341 3062 584 3142 κυρίου
632 3054 806 3142 πρὸς
845 3052 1212 3144 Ἱερεμίανι.
1295 3063 1408 3125 καὶ
1469 3052 1684 3142 548³&
1748 3052 2039 3127 ἑκάστου
2098 3062 2169 3127 δὲ
2230 3052 2600 3145 προφήτου
2660 3050 2697 3125 6
2760 3052 2967 3138 αὐτὸς

343 3152 614 3245 ἐνήργει
655 3160 782 3226 τοῦ
825 3162 994 3227 θεοῦ
1036 3152 1259 3243 λόγος.
1346 3152 1450 3243 ἄρ’
1504 3160 1630 3227 οὖν
1681 3162 1802 3244 τῆς
1854 3160 2001 3245 ισης
2054 3152 2241 3243 ἀξίας
2294 3163 2397 3246 τῷ
2440 3173 2800 3244 μονογενεῖ
2836 3159 2963 3246 υἱῷ

343 3262 468 3329 τοῦ
514 3261 688 3327 θεοῦ
730 3250 1066 3337 κάκείνοις
1111 3250 1362 3327 ἅπασιν
1403 3262 1633 3345 μετῆν,
1689 3262 1800 3327 καὶ
1841 3262 2058 3327 πλέον
2102 3250 2301 3327 οῦδὲν
2343 3252 2643 3343 ὑπῆρχεν
2686 3260 2793 3343 τῷ
2836 3276 2963 3325 σω·

344 3362 524 3445 τῆρι,
591 3360 650 3427 εί
710 3354 791 3443 δὴ
853 3359 1148 3447 ἐνεργείᾳ
1207 3352 1382 3444 μόνῃ
1423 3353 1559 3427 ὑπὸ
1605 3360 1732 3425 τοῦ
1775 3351 1987 3443 λόγου
2030 3361 2157 3427 τοῦ
2200 3360 2301 3443 τῷ
2348 3360 2493 3444 θεῷ
2541 3360 2962 3444 συνημμένου

340 3460 652 3527 ἐκινεῖτο.
723 3451 871 3527 ἀλλ’
903 3451 1060 3525 οῦδὲ
1088 3454 1176 3525 τὰ
1205 3460 1312 3526 ἴσα
1359 3475 1504 3537 τοῖς
1541 3452 1935 3543 προφήταις
1980 3460 2211 3541 φέρειν
2255 3459 2531 3525 δίδωσιν
2562 3451 2960 3543 Μάρκελλος
2995 3466 3063 3522 28

247 3564 309 3618 30
341 3562 440 3645 τῷ
487 3560 768 3644 Χριστῷ
816 3560 942 3626 τοῦ
986 3561 1172 3626 θεοῦ.
1258 3558 1322 3626 οἱ
1381 3560 1503 3643 μὲν
1560 3554 1688 3643 γὰρ
1751 3559 1928 3643 ζωῆς
1990 3559 2275 3625 αἰωνίου
2329 3552 2687 3626 ἀθανάτου
2728 3582 2803 3624 τε
2848 3560 2959 3623 καὶ

339 3651 799 3743 ἀτελευτήτου
841 3652 1216 3741 τεύξονται,
1261 3661 1352 3735 εἰς
1395 3654 1558 3736 τούς
1601 3648 1913 3734 άπαντας
1942 3658 2195 3734 αἰῶνας
2224 3656 2298 3724 ἐν
2328 3661 2413 3741 τῇ
2454 3657 2960 3742 κατηγγελμένῃ

339 3761 486 3825 τῶν
566 3750 880 3840 οὐρανῶν
951 3761 1249 3845 βασιλεία
1310 3752 1712 3841 βιωσόμενοι
1786 3750 2075 3841 ἀγαθῶν
2148 3781 2221 3823 τε
2294 3749 2807 3833 ἀπολαύσοντες
2882 3748 2961 3821 »6

341 3849 706 3943 ὀφθαλμὸς
749 3850 875 3925 οῦκ
918 3856 1095 3925 εἶδεν
1137 3862 1249 3924 καὶ
1293 3856 1410 3935 οὖς
1455 3848 1578 3923 οῦκ
1623 3850 1909 3941 ἤκουσεν
1948 3859 2061 3972 xa}
2106 3856 2219 3923 ἐπὶ
2254 3858 2537 3939 καρδίαν
2580 3847 2963 3940 ἀνθρώπου

339 3950 532 4043 <οῦκ>
567 3951 840 4043 ἀνέβην
901 3948 942 4025 6
956 3953 1055 4023 δὲ
1090 3952 1384 4042 Χριστὸς
1413 3957 1539 4023 τοῦ
1569 3958 1740 4024 θεοῦ
1769 3948 1977 4033 αὐτὸς
2018 3946 2054 4022 6
2086 3950 2316 4034 κοινὸς
2346 3946 2678 4023 ἁπάντων
2708 3948 2959 4038 σωτήρ,

244 4060 306 4113 3ῡ
348 4048 420 4124 »6
465 4050 926 4143 πρωτότοκος
970 4061 1119 4125 τῶν
1161 4058 1495 4139 νεκρῶνε,
1561 4046 1600 4139 ἦ
1662 4054 1853 4133 ἐλπὶς
1898 4056 2019 4139 τῆς
2063 4058 2212 4121 τῶν
2254 4046 2467 4138 άγίων
2510 4046 2959 4130 ἀναστάσεως,
3018 4061 3021 4070 ’

513 4224 552 4280 ὅ
589 4224 701 4294 vgl.
735 4224 828 4279 Nr.
865 4224 966 4280 108
1001 4254 1066 4263 —
1107 4224 1135 4279 7
1177 4224 1293 4292 vgl.
1327 4222 1419 4276 Nr.
1456 4224 1521 4276 37
1556 4238 1687 4275 usw.
1724 4224 1806 4275 55.
1844 4222 1913 4276 62
1948 4250 2012 4259 —
2073 4222 2214 4277 13¹1
2246 4220 2359 4291 vgl.
2394 4220 2487 4275 Nr.
2524 4224 2607 4276 54.
2643 4222 2709 4275 62
2761 4250 2830 4259 —
2882 4220 2962 4275 20

339 4324 426 4379 Pe.
463 4327 552 4395 32,
586 4328 622 4381 6
657 4354 722 4365 -
760 4326 834 4381 21
874 4325 998 4380 Joh.
1035 4328 1082 4389 1,
1117 4328 1152 4378 4
1195 4354 1263 4365 -
1317 4324 1396 4379 28
1431 4322 1560 4378 Hos.
1599 4324 1646 4387 1,
1683 4326 1710 4375 1
1767 4352 1834 4361 ·-—
1888 4322 1995 4377 JeS.
2030 4322 2189 4385 21?
2242 4352 2309 4362 —
2363 4323 2442 4379 24
2480 4322 2589 4378 Jer.
2628 4325 2673 4387 1,
2709 4324 2743 4377 2
2779 4351 2843 4361 —
2882 4321 2955 4376 27

340 4426 452 4495 vgl.
487 4426 584 4480 Nr.
621 4429 702 4482 54.
739 4426 807 4482 62
843 4458 910 4466 —
947 4427 1024 4482 82
1062 4427 1088 4479 1
1123 4426 1250 4481 Kor.
1289 4426 1338 4489 2,
1374 4428 1406 4479 9
1442 4454 1510 4465 —
1546 4423 1690 4479 8411
1721 4424 1830 4493 vgl.
1868 4425 1918 4477 S.
1956 4424 2039 4487 33,
2076 4425 2199 4479 2Sff
2227 4454 2295 4464 —
2331 4425 2409 4480 85
2448 4424 2570 4479 Kol.
2610 4428 2655 4491 1,
2694 4424 2758 4477 18

513 4578 552 4632 2
587 4576 627 4630 1.
660 4577 860 4645 μενεῖἳ
914 4577 924 4643 1
979 4575 1017 4631 8
1059 4575 1243 4644 μόνον
1279 4575 1376 4629 Mo
1409 4574 1592 4643 μόνου
1630 4574 1680 4625 V
1732 4574 1742 4641 Ι
1797 4573 1835 4627 4
1890 4578 2011 4638 πῶς
2046 4572 2151 4629 We
2196 4572 2261 4629 τὸ
2299 4576 2343 4627 V
2397 4576 2405 4641 Ι
2462 4574 2539 4629 14
2584 4580 2663 4647 τῷ
2699 4572 2773 4628 Kl
2807 4570 2875 4629 τὸ
2914 4572 2961 4623 V

343 4678 350 4734 ‘t
417 4680 496 4734 16
531 4675 684 4748 λέγει
721 4678 784 4743 V,
821 4678 1048 4733 oorr.Kl
1080 4679 1088 4745 Ι
1121 4678 1202 4734 24
1241 4674 1516 4747 ἐγεννήθη
1540 4676 1634 4739 V*,
1675 4692 1808 4729 corr.
1827 4674 1905 4727 V²
1942 4675 1951 4741 Ι
1991 4674 2068 4731 83
2095 4669 2241 4731 εἶδεν
2275 4694 2331 4729 m
2367 4668 2518 4731 οἶδεν
2538 4676 2586 4728 V
2627 4678 2633 4741 Ι
2675 4674 2755 4731 84
2782 4670 2886 4729 οὐκ
2908 4692 2959 4725 m
