3694 5582
741 511 778 571 2
1902 498 2169 553 Eusebius

743 672 1055 756 πολιτείᾳ
1078 664 1259 754 παρὰ
1292 683 1436 745 τοῖς
1467 668 1677 732 πᾶσιν
1699 665 2179 750 ἑμπρέπουσιν
2212 667 2353 748 <και
2372 688 2455 730 ου
2476 679 2619 742 τοῖς
2642 663 2877 747 ζῶσιν)
2907 655 3161 749 μόνοις,
3184 654 3373 730 ἀλλὰ

745 774 858 835 καὶ
903 784 1049 846 τοῖς
1095 769 1168 835 ἐν
1213 769 1488 852 Χριστῷ
1534 767 2063 849 κεκοιμημένοις·
2106 767 2217 830 καὶ
2261 758 2536 830 τούτων
2578 765 2877 844 ἐκείνοις,
2924 751 3026 829 ῶν
3068 756 3375 847 μάλιστα

747 863 828 935 δι’
875 862 1124 953 ἀρετὴν
1167 869 1550 947 θεοσεβείας
1592 859 1826 948 λόγων
1870 888 1947 930 τε
1990 867 2205 932 θείων
2257 855 2600 950 ἀσκήσεως
2654 856 2694 948 ἦ
2748 857 2938 948 φήμη
2988 856 3146 930 καθ’
3193 853 3375 946 ολης

749 961 844 1046 ῶς
920 971 1132 1034 εἰπεῖν
1193 959 1422 1054 ᾅδεται
1492 967 1614 1050 τῆς
1683 967 2093 1049 οἰκουμένης.
2201 958 2474 1030 τούτων
2544 967 2613 1031 δὲ
2686 957 2921 1031 αὐτῶν
2992 957 3113 1048 οὐχ
3182 951 3379 1045 απαξ

679 1079 709 1128 5
748 1062 1052 1153 ἐμνήσθη
1095 1071 1342 1146 κακῶς,
1387 1058 1718 1140 πολλάκις
1763 1064 1834 1128 δὲ
1878 1065 1987 1130 καὶ
2019 1058 2384 1150 διαφόρως,
2436 1059 2555 1140 τὰς
2585 1056 2735 1132 κατ’
2778 1057 3014 1132 αὐτῶν
3045 1056 3380 1146 διαβολάς

749 1193 821 1234 τε
867 1171 978 1235 καὶ
1023 1167 1481 1250 συκοφαντίας
1522 1165 1641 1234 30¹¹
1686 1154 1981 1245 ἀφειδῶς
2024 1166 2496 1248 πεποιημένος.
2578 1157 2703 1248 ἤδη
2758 1167 2831 1230 δὲ
2873 1170 2985 1230 καὶ
3032 1156 3218 1246 ἀραῖς
3259 1165 3379 1228 κέ-
3420 1165 3460 1216 3

743 1291 982 1352 χρηται
1024 1259 1174 1335 κατ’
1227 1257 1479 1344 αὐτῶν,
1527 1259 1637 1330 οἷα
1681 1267 2031 1348 γυναικῶν
2074 1266 2147 1330 ἐν
2176 1257 2369 1348 μάχῃ,
2410 1257 2926 1348 λοιδορούμενος
2958 1265 3069 1331 καὶ
3101 1259 3379 1346 ἐπαρώ-

743 1392 945 1452 μενος
1001 1381 1145 1445 τοῖς
1197 1368 1401 1452 μηδὲν
1458 1357 1670 1431 αὐτὸν
1726 1354 2135 1448 ἠδικηκόσιν.
2222 1359 2327 1429 διὸ
2380 1367 2491 1430 καὶ
2542 1365 2717 1448 πέρα
2772 1367 2895 1429 τοῦ
2948 1364 3226 1441 δέοντος
3270 1365 3383 1440 εἰς

745 1461 1006 1552 μακρὸν
1049 1459 1242 1550 αύτῷ
1289 1468 1400 1530 καὶ
1445 1459 1742 1548 ἄμετρον
1794 1466 2008 1549 μῆκος
2052 1465 2362 1546 ἐξέπεσεν
2408 1456 2447 1548 ἡ
2493 1457 2745 1548 γραφή,
2802 1455 2896 1540 ῶς
2952 1453 3121 1530 ὅλον
3174 1463 3383 1529 ἐπῶν

645 1573 712 1626 10
749 1560 939 1680 ἐγγύς
983 1590 1122 1632 που
1164 1568 1424 1649 μιρίων
1469 1558 1595 1629 τὸν
1640 1588 1758 1629 ενα
1814 1557 2027 1648 λόγον
2071 1556 2590 1647 απαρτισθῆναι.
2677 1556 2963 1640 εἰκότως
3016 1552 3141 1630 οὖν
3192 1559 3382 1629 κατὰ
3422 1571 3461 1620 4

749 1669 897 1732 τῶν
933 1658 1156 1754 αγίων
1201 1665 1326 1730 τοῦ
1373 1666 1542 1728 θεοῦ
1586 1665 2005 1748 λειτουργῶν
2047 1657 2431 1747 κακήγορον
2476 1665 2798 1746 γλῶτταν
2843 1653 3087 1742 ὀξύνας
3130 1665 3239 1728 καὶ
3286 1658 3381 1729 τὸ

749 1759 1109 1846 ανευλαβες
1152 1767 1264 1830 καὶ
1319 1757 1585 1845 αφοβον
1637 1756 2117 1848 προγυιινάσας
2172 1761 2243 1828 ἐν
2289 1757 2589 1840 τούτοις,
2646 1760 2914 1844 προϊών
2967 1760 3116 1846 εξῆς
3158 1785 3385 1844 πρου-

749 1885 968 1948 κοψεν
1033 1856 1135 1931 ἐπ’
1198 1856 1367 1929 αὐτὸ
1423 1855 1504 1929 τὸ
1555 1855 2115 1944 κορυφαιότατον
2167 1865 2291 1929 τοῦ
2342 1857 2635 1940 παντός,
2698 1859 2822 1928 τὸν
2873 1865 3206 1948 μονογενῆ
3256 1864 3385 1926 καὶ

755 1956 1109 2048 ἀγαπητὸν
1172 1958 1322 2030 υἱὸν
1377 1963 1502 2028 τοῦ
1555 1963 1720 2028 θεοῦ
1773 1957 2123 2039 τοιαύταις
2184 1955 2415 2039 ἇθέοις
2480 1955 2849 2041 ὑποβαλών
2900 1964 3385 2046 βλασφημίαις.

650 2071 716 2122 15
755 2064 904 2142 οἵας
949 2057 1187 2145 μικρὸν
1231 2052 1515 2144 ὕστερον
1561 2053 1774 2128 αὐτοῦ
1817 2064 2159 2145 λέγοντος.
2206 2055 2352 2128 ἀλλ’
2398 2055 2523 2128 οὐκ
2553 2062 2732 2146 ἐμοῦ,
2779 2065 3050 2140 βέλτιον
3084 2055 3385 2130 ἀκούειν.

757 2168 840 2248 τῇ
886 2165 960 2230 δέ
1017 2187 1090 2247 γε
1131 2163 1502 2246 παραθέσει
1558 2165 1704 2228 τῶν
1757 2153 1972 2228 αὐτοῦ
2024 2155 2356 2284 ῥημάτων
2406 2155 2816 2247 χρησάμενος
2867 2167 3054 2248 μέχρι
3119 2155 3387 2229 τούτου
3429 2168 3467 2217 Γ)

756 2257 1082 2350 στήσομαι
1142 2265 1314 2340 τέως
1365 2255 1538 2345 πρὸς
1593 2261 1997 2328 ἐναντίωσιν
2050 2265 2158 2328 καὶ
2212 2254 2614 2346 ανατροπὴν
2668 2254 2901 2330 αὐτῶν
2956 2255 3037 2330 οὗ
3078 2256 3388 2346 μακροὺς

749 2355 1032 2447 ἐπάγων
1089 2353 1360 2445 λόγοις,
1426 2363 1528 2444 τῷ
1591 2353 1760 2446 μήτε
1814 2356 1975 2438 τοὺς
2030 2355 2279 2442 ἄνδρας
2332 2358 2491 2436 τοὺς
2544 2354 2657 2427 ὑπ’
2712 2356 2923 2429 αὐτοῦ
2984 2367 3385 2444 βλασφημη-

752 2464 1006 2538 θέντας
1058 2452 1374 2544 αγνῶτάς
1419 2484 1610 2536 τινας
1657 2458 1825 2525 εἶναι
1866 2464 1978 2525 καὶ
2023 2453 2333 2542 ἀφανεῖς,
2390 2465 2839 2544 γνωρίζεσθαι
2885 2462 2955 2527 δὲ
2996 2457 3181 2543 παρὰ
3224 2475 3387 2538 τοῖς

647 2575 714 2626 ’.ΞΗ
752 2564 956 2628 πᾶσιν
999 2564 1112 2626 καὶ
1158 2564 1588 2638 σιωπῶντος,
1634 2554 1802 2644 μήτε
1860 2555 1987 2644 τὴν
2032 2561 2123 2638 εἰς
2179 2556 2307 2628 τὸν
2339 2556 2641 2644 Χριστὸν
2694 2565 2819 2627 τοῦ
2864 2564 3031 2629 θεοῦ
3073 2569 3473 2644 βλασφη·ϋ

747 2663 906 2744 μίαν
955 2651 1384 2743 ἇμφήριστόν
1443 2683 1596 2726 τινα
1651 2663 1762 2724 καὶ
1807 2652 2271 2745 ἀγνοουμένην
2314 2653 2668 2744 ὑπάρχειν,
2724 2655 2819 2739 ῶς
2870 2663 3133 2744 πολλῆς
3187 2682 3386 2736 τινος

749 2761 860 2826 καὶ
906 2761 1372 2843 λογικωτέρας
1420 2753 1590 2842 πρὸς
1636 2758 1907 2844 έλεγχον
1952 2761 2281 2845 δεηθῆναι
2326 2763 2643 2846 σπουδῆς·
2700 2752 2923 2841 οὕτως
2978 2762 3183 2829 πᾶσιν
3227 2775 3387 2839 τοῖς

750 2862 871 2944 τῆς
916 2860 1478 2943 ἐκκλησιαστικῆς
1520 2852 1794 2942 χάριτος
1837 2853 2323 2944 μετειληχόσιν,
2368 2876 2649 2978 μικροῖς
2676 2852 2845 2945 ὁμοῦ
2886 2864 2997 2928 καὶ
3040 2853 3387 2945 μεγάλοις,

749 2962 858 3025 καὶ
905 2952 1070 3025 αὐτὸ
1123 2952 1344 3043 μόνον
1389 2964 1700 3042 λεχθεῖσα
1744 2952 2089 3043 πρόδηλος
2131 2962 2557 3044 καθέστηκεν
2612 2954 2650 3045 ἡ
2706 2964 2829 3027 τοῦ
2880 2964 3078 3044 ξένου
3122 2954 3393 3027 τούτου

649 3072 715 3122 ’›
755 3083 876 3123 και
887 3083 901 3141 j
950 3049 1295 3141 θεολόγου
1337 3062 1745 3140 κενοφωνία.
1792 3054 1897 3125 διὸ
1943 3061 2255 3145 βραχέσιν
2299 3052 2467 3127 αὐτὸ
2500 3052 2715 3143 μόνον
2754 3056 3392 3146 παρασημειιῦσεσιν

748 3149 1099 3243 χρήσομαι,
1151 3156 1356 3241 εἱρμῷ
1402 3161 1515 3224 καὶ
1561 3152 1745 3239 τάξει
1776 3163 2290 3245 σωματοποιῶν
2322 3154 2447 3225 τὸν
2478 3152 2703 3243 λόγον,
2750 3152 3393 3246 ύποσημαινόμενός

754 3281 826 3323 τε
873 3248 1048 3323 αὐτὸ
1092 3251 1308 3340 μόνον
1363 3254 1444 3324 τὸ
1497 3252 1895 3343 παράλογον
1950 3262 2098 3325 τῶν
2150 3260 2648 3343 ἐμφερομένων.
2734 3264 2896 3345 πρὶν
2957 3252 3022 3327 δ’
3086 3261 3195 3326 ἐπὶ
3254 3254 3392 3338 τὰς
3444 3283 3477 3332 ‘i

755 3349 974 3423 αὐτοῦ
1017 3358 1318 3441 χωρῆσαι
1365 3354 1600 3439 φωνὰς
1645 3351 2030 3441 ἀναγκαίως
2076 3374 2220 3436 τοῖς
2266 3354 2745 3443 ἐντυγχάνουσι
2802 3364 2901 3446 τῷ
2968 3364 3095 3427 τοῦ
3134 3352 3393 3441 ἀνδρὸς

758 3449 1218 3541 συγγράμματι
1273 3451 1819 3543 συμβουλεύσαιμ’
1868 3454 1981 3530 ἄν,
2028 3460 2085 3525 εἰ
2132 3454 2212 3542 δὴ
2258 3454 2547 3543 μάλιστα
2594 3463 2934 3527 Γαλατῶν
2989 3458 3123 3526 εἶέν
3180 3482 3395 3537 τινες,

656 3566 724 3619 30
806 3551 894 3640 μὴ
943 3548 1356 3640 ἀμνημονεῖν
1399 3560 1521 3640 τῆς
1568 3562 1758 3635 θείας
1803 3561 2041 3643 φωνῆς
2072 3553 2349 3625 Παύλου
2395 3562 2520 3626 τοῦ
2566 3552 2978 3639 ἀποστόλου,
3027 3550 3103 3636 ὃς
3151 3550 3399 3637 αὐτοῖς
3444 3574 3487 3628 3

767 3648 1108 3732 Γαλάταις
1151 3648 1438 3740 γράφων
1481 3652 1768 3742 παρῄνει
1826 3654 1917 3742 μὴ
1970 3662 2459 3742 μετατίθεσθαι
2520 3652 2689 3726 »ἀπὸ
2746 3662 2872 3725 τοῦ
2923 3662 3393 3736 καλέσαντος(

766 3748 1013 3831 αὐτοὺς
1063 3754 1172 3820 »ἐν
1211 3752 1432 3840 χάριτι
1485 3759 1788 3841 Χριστοῦ
1832 3759 1926 3833 εἰς
1972 3754 2207 3841 ἕτερον
2250 3751 2673 3843 εὐαγγέλιον(
2738 3753 2927 3843 (ιούκ
2985 3756 3205 3825 ἔστιν(
3256 3752 3399 3841 γὰρ

772 3849 1038 3933 »ἄλλος
1088 3847 1182 3931 ῶς
1226 3848 1430 3933 αὐτὸς
1495 3856 1651 3941 ἔφη,
1722 3856 1814 3923 »εί
1873 3850 1962 3942 μή
2018 3860 2197 3933 τινές
2252 3857 2414 3923 εἰσιν
2468 3856 2530 3925 οἱ
2586 3852 3071 3939 ταράσσοντες(
3136 3850 3403 3937 αὐτοὺς

771 3956 916 4018 »καὶ
973 3956 1298 4032 θέλοντες
1360 3959 1818 4039 μεταστρέψαι
1874 3951 1955 4021 τὸ
2012 3949 2400 4040 εὐαγγέλιον
2462 3962 2586 4024 τοῦ
2632 3962 3027 4041 Χριστοῦ«>,
3090 3950 3398 4043 κάκείνῳ
3442 3978 3484 4031 8

659 4062 726 4115 35
764 4053 836 4118 δὲ
883 4045 1262 4135 ἀναγκαίως
1306 4056 1656 4138 προσέχειν
1715 4051 1840 4123 τὸν
1888 4060 2079 4135 νοῦν,
2136 4049 2219 4122 δι’
2277 4045 2356 4125 οὗ
2400 4062 2509 4123 καὶ
2557 4054 2805 4125 ἑαυτοῦ
2856 4052 3399 4142 καθαπτόμενος

765 4142 802 4219 0‘
849 4155 1178 4231 τοσοῦτος
1235 4147 1620 4232 ἀπόστολος
1680 4158 1769 4233 εἰς
1815 4152 2205 4241 δυσῶπησιν
2252 4160 2399 4223 τῶν
2444 4160 2870 4241 διαστρέφειν
2923 4155 3085 4236 τούς
3140 4152 3397 4239 ἄνδρας

899 4319 978 4373 23
1017 4320 1135 4372 Act.
1173 4319 1254 4383 26,
1292 4320 1358 4372 22
1395 4350 1458 4358 -
1497 4320 1637 4375 Blss'
1669 4320 1789 4373 Gal.
1831 4324 1996 4381 1,6.7

940 4454 970 4508 l
1010 4450 1412 4523 ἐμπρέπουσαν
1453 4454 1527 4507 V*
1569 4461 1664 4521 (-σι
1703 4456 1798 4523 V2)
1846 4460 1855 4523 Ι
1902 4460 2001 4511 καὶ
2038 4456 2105 4512 οὐ
2140 4462 2466 4536 τοῖςῖζῦωιν
2505 4460 2572 4511 ΚΙ
2607 4462 2701 4514 καὶ
2742 4458 2809 4514 οὗ
2844 4458 3065 4525 τούτοις
3102 4460 3176 4513 V²
3203 4457 3338 4511 a.R.
3382 4460 3388 4526 l

765 4556 804 4611 9
843 4550 999 4623 ὅλον]
1037 4554 1221 4623 μόνον
1255 4575 1310 4609 m
1341 4558 1349 4623 1
1383 4558 1462 4612 20
1501 4564 1835 4623 σιωπῶντας
1875 4558 1937 4625 V,
1976 4576 2111 4615 corr.
2152 4556 2263 4649 KlJ
2297 4562 2374 4617 25
2410 4562 2507 4615 καὶ
2542 4564 2635 4614 etr.
2664 4559 2739 4613 V2
2768 4563 2775 4629 1
2806 4562 3131 4630 κενοφωνία
3152 4559 3233 4614 V*
3266 4578 3393 4614 και·
3463 4588 3481 4597 -

767 4658 1027 4727 νοφωνία
1063 4657 1140 4709 V²
2238 4668 2273 4719 '41
