3694 5582
297 1058 326 1107 Γ)

264 1564 326 1617 10

263 1988 322 2039 15

264 2492 324 2542 ⁸2«)

1283 468 1386 523 Die
1417 466 1752 537 Fragmenta
1785 467 2059 523 Marcelle.
2860 479 2981 539 205
3056 432 3063 439 ·

529 636 622 691 Nr.
659 638 728 693 92
763 635 864 700 (Re
897 638 984 703 82)
1033 633 1240 691 οὐκοῦν
1285 635 1594 707 πρόδηλον,
1648 629 1738 691 ὅτι
1788 636 1902 707 πρὸ
1955 641 2053 703 τῆς
2088 644 2193 691 τοῦ
2226 633 2507 707 ἡμετέρου
2544 632 2811 704 σώματος
2846 634 2978 693 ἀνα-

360 722 590 790 λήψεως
643 718 677 777 ὁ
730 720 902 790 λόγος
951 714 1089 776 καθ’
1123 716 1328 776 ἑαυτὸν
1363 718 1468 776 οὐκ
1501 717 1570 789 ἦν
1606 715 1777 777 εἰκὼν
1811 728 1915 775 τοῦ
1972 720 2231 791 ἀοράτου
2265 725 2424 777 θεοῦ.
2496 724 2597 791 τὴν
2632 720 2745 792 γὰρ
2784 720 2981 777 εἰκόνα

360 802 612 876 ὁρᾶσθαι
647 808 948 877 προσήκει,
979 801 1078 862 ἵνα
1114 803 1204 861 διὰ
1243 810 1338 873 τῆς
1373 802 1596 871 εἰκόνος
1638 804 1708 861 τὸ
1745 803 1887 871 τέως
1920 807 1997 875 μὴ
2036 801 2338 877 ὁρώμενον
2376 802 2627 877 ὁρᾶσθαι
2668 805 2910 875 δύνηται.

531 973 708 1029 Nr.93
734 974 834 1041 (Re
857 974 944 1041 82)
981 979 1101 1039 πῶς
1137 966 1256 1029 οὖν
1291 970 1529 1029 εἰκόνα
1564 979 1684 1028 τοῦ
1719 969 2031 1043 ἀοράτου
2066 977 2234 1029 θεοῦ
2268 971 2386 1027 τὸν
2420 980 2539 1028 τοῦ
2574 976 2745 1029 θεοῦ
2766 972 2979 1043 λόγον

359 1050 639 1128 Ἀστέριος
673 1051 852 1113 εἶναι
889 1056 1200 1130 γέγραφεν;
1255 1053 1316 1113 αἱ
1359 1055 1468 1129 γὰρ
1506 1055 1724 1121 εἰκόνες
1759 1056 1975 1113 τούτων
2016 1048 2099 1112 ὧν
2134 1056 2277 1113 εἰσιν
2312 1056 2531 1123 εἰκόνες
2569 1058 2669 1113 καὶ
2710 1054 2979 1115 ἀπόντων

358 1141 630 1197 δεικτικαί
662 1138 818 1206 εἰσιν,
853 1135 1003 1198 ὥστε
1038 1145 1138 1198 καὶ
1172 1143 1274 1199 τὸν
1310 1138 1534 1199 ἀπόντα
1569 1136 1640 1197 δι’
1675 1140 1862 1199 αὐτῶν
1900 1143 2207 1211 φαίνεσθαι
2240 1144 2443 1199 δοκεῖν.
2516 1140 2569 1199 εἰ
2601 1141 2661 1197 δὲ
2694 1150 2798 1197 τοῦ
2834 1147 2979 1199 θεοῦ

359 1223 617 1299 ἀοράτου
654 1222 820 1291 ὄντος
854 1224 1109 1298 ἀόρατον
1145 1220 1294 1283 εἶναι
1326 1229 1426 1283 καὶ
1458 1227 1562 1282 τὸν
1596 1226 1774 1298 λόγον
1811 1228 2121 1299 συμβαίνει,
2174 1233 2297 1291 πῶς
2352 1224 2556 1282 εἰκὼν
2609 1235 2732 1281 τοῦ
2768 1225 2975 1298 ἀορά-

357 1328 478 1366 του
511 1314 684 1367 θεοῦ
719 1308 752 1365 ὁ
788 1310 962 1381 λόγος
993 1305 1130 1367 καθ’
1163 1306 1370 1367 ἑαυτὸν
1405 1305 1552 1368 εἶναι
1586 1310 1834 1378 δύναται,
1886 1313 1983 1367 καὶ
2028 1310 2199 1376 αὐτὸς
2242 1308 2491 1381 ἀόρατος
2535 1302 2641 1373 ὤν;
2696 1308 2979 1367 ἀδύνατον

359 1393 470 1465 γὰρ
507 1394 574 1450 τὸ
608 1396 686 1465 μὴ
723 1392 936 1467 ὁρατὸν
969 1396 1060 1451 διὰ
1095 1402 1198 1451 τοῦ
1235 1392 1487 1467 ἀοράτου
1523 1397 1773 1465 φανῆναί
1806 1414 1963 1452 ποτε.

527 1562 618 1617 Nr.
655 1564 722 1618 94
762 1563 860 1629 (Re
893 1564 982 1631 83)
1015 1563 1102 1618 διὸ
1138 1563 1506 1633 πανταχόθεν
1539 1566 1708 1631 δῆλον
1743 1561 1941 1619 εἰκόνα
1974 1570 2079 1619 τοῦ
2105 1559 2359 1635 ἀοράτου
2391 1565 2535 1618 θεοῦ
2559 1558 2668 1618 ὑπὸ
2692 1571 2796 1618 τοῦ
2820 1561 2979 1633 ἱεροῦ

358 1644 620 1717 εἰρῆσθαι
673 1643 1002 1703 ἀποστόλου
1036 1649 1138 1717 τὴν
1173 1646 1638 1717 προσγενομένην
1673 1654 1752 1721 τῷ
1787 1647 1942 1721 λόγῳ
1979 1646 2189 1719 σάρκα,
2231 1642 2329 1702 *ἵνα
2369 1645 2457 1703 διὰ
2492 1655 2597 1702 τοῦ
2632 1644 2845 1718 ὁρατοῦ
2878 1646 2976 1705 καὶ

355 1730 422 1785 τὸ
461 1726 716 1801 ἀόρατον
753 1730 1034 1801 φαίνηται.
1095 1728 1323 1787 »εἰκὼνκ
1353 1730 1412 1787 δὲ
1451 1729 1662 1787 »ἐστὶνα
1704 1733 1875 1801 φησὶν
1911 1728 1944 1787 ὁ
1982 1728 2305 1797 ἀπόστολος
2345 1739 2475 1786 »τοῦ
2502 1728 2758 1803 ἀοράτου
2782 1736 2972 1789 θεοῖ-α.

356 1820 458 1869 νῦν
509 1816 794 1883 δηλονότι,
851 1812 1095 1885 ὁπηνίκα
1146 1818 1248 1884 τὴν
1297 1809 1424 1872 κατ’
1475 1814 1669 1873 εἰκόνα
1723 1822 1826 1872 τοῦ
1877 1819 2021 1872 θεοῦ
2072 1812 2388 1885 γενομένην
2435 1814 2737 1886 ἀνείληφεν
2774 1816 2973 1888 σάρκα,

357 1894 531 1955 εἰκὼν
565 1895 781 1969 ἀληθὴς
812 1908 915 1957 τοῦ
952 1896 1207 1972 ἀοράτου
1241 1903 1384 1957 θεοῦ
1419 1898 1670 1973 γέγονεν.
1743 1899 1797 1956 εἰ
1828 1898 1939 1973 γὰρ
1976 1899 2066 1957 διὰ
2100 1906 2202 1969 τῆς
2237 1898 2462 1966 εἰκόνος
2494 1898 2701 1969 ταύτης
2735 1902 2835 1957 τὸν
2873 1910 2977 1957 τοῦ

355 1986 500 2038 θεοῦ
533 1982 708 2053 λόγον
745 1980 1070 2053 ἠξιώθημεν
1108 1991 1336 2054 γνῶναι,
1371 1984 1652 2042 πιστεύειν
1689 1982 2001 2054 ὀφείλομεν
2025 1982 2179 2057 αὐτῷ
2204 1990 2283 2055 τῷ
2316 1984 2469 2059 λόγῳ
2496 1982 2585 2039 διὰ
2620 1995 2717 2053 τῆς
2751 1984 2976 2051 εἰκόνος

355 2067 582 2138 λέγοντι
622 2065 768 2137 »ἐγὼ
801 2071 898 2125 καὶ
935 2066 968 2125 ὁ
1004 2071 1190 2141 πατὴρ
1227 2064 1289 2126 ἓν
1335 2065 1555 2139 ἐσμενα.
1629 2064 1758 2127 οὔτε
1803 2068 1915 2141 γὰρ
1950 2067 2055 2123 τὸν
2088 2068 2267 2137 λόγον
2314 2062 2445 2125 οὔτε
2480 2069 2581 2124 τὸν
2616 2068 2837 2142 πατέρα
2874 2078 2975 2126 τοῦ

357 2151 533 2221 λόγου
565 2154 742 2224 χωρὶς
773 2160 873 2221 τῆς
907 2151 1132 2219 εἰκόνος
1163 2151 1368 2222 ταύτης
1403 2154 1618 2223 γνῶναί
1653 2171 1778 2210 τινα
1813 2152 2069 2208 δυνατόν.

525 2322 616 2375 Nr.
654 2324 720 2376 95
759 2322 856 2391 (Re
890 2324 978 2385 84)
1031 2315 1180 2377 οῧτω
1226 2328 1364 2390 γοῦν
1405 2324 1503 2377 καὶ
1539 2318 1572 2375 ὁ
1608 2317 1932 2386 ἀπόστολός
1982 2336 2175 2390 φησιν,
2226 2312 2423 2390 ὥσπερ
2476 2328 2663 2395 μικρῷ
2714 2321 2973 2393 πρόσθεν

358 2399 578 2474 ἔφαμεν
619 2402 924 2462 »ἐκένωσεν
959 2402 1161 2463 ἑαυτὸν
1195 2406 1424 2477 μορφὴν
1459 2403 1663 2461 δούλου
1696 2401 1943 2479 λαβώνα,
1979 2403 2069 2461 διὰ
2105 2410 2205 2472 τῆς
2238 2410 2465 2477 μορφῆς
2498 2412 2601 2460 τοῦ
2634 2403 2837 2461 δούλου
2872 2408 2973 2474 τὴν

358 2486 727 2562 ἀνθρωπίνην
764 2492 896 2559 ἡμῖν
934 2490 1224 2559 σημαίνων
1261 2489 1464 2561 σάρκα,
1502 2489 1571 2559 ἢν
1607 2486 1640 2545 ὁ
1675 2489 1950 2559 δεσπότης
1984 2490 2146 2559 ἡμῶν
2181 2487 2321 2553 θεὸς
2354 2495 2424 2558 τῇ
2470 2484 2675 2544 ἑαυτοῦ
2709 2488 2969 2546 διαπλάτ-

357 2593 472 2629 των
531 2575 704 2649 σοφίᾳ
764 2576 1120 2645 »ποιήσωμεν
1173 2568 1514 2648 ἄνθρωπονα
1556 2569 1662 2643 ἔφη
1705 2568 1859 2629 »κατ’
1911 2570 2107 2629 εἰκόνα
2158 2572 2438 2645 ἡμετέραν
2490 2575 2589 2628 καὶ
2642 2570 2971 2642 ὁμοίωσινα,

356 2664 546 2724 καλῶς
579 2662 682 2727 τὴν
727 2656 1095 2731 ἀνθρωπίνην
1139 2656 1328 2728 σάρκα
1382 2656 1685 2727 ὀνομάζων
1739 2656 1951 2714 εἰκόνα.
2023 2651 2141 2729 ᾔδει
2193 2656 2304 2731 γὰρ
2360 2654 2609 2731 ἀκριβῶς
2662 2653 2747 2714 ὅτι
2800 2656 2972 2714 εἰκὼν

358 2736 512 2800 ἔσται
547 2744 755 2818 μικρὸν
787 2738 1028 2817 ’ὕστερον
1060 2750 1164 2800 τοῦ
1198 2740 1402 2800 ἑαυτοῦ
1435 2743 1625 2815 λόγου.

523 2912 618 2967 Nr.
657 2914 725 2968 96
761 2913 859 2980 (Re
893 2913 982 2979 85)
1025 2913 1080 2967 τί
1116 2904 1216 2967 οὖν
1251 2911 1399 2982 πρὸς
1433 2919 1609 2968 ταῦτα
1653 2911 1824 2978 λέξει;
1880 2908 1948 2966 οὖ
1998 2909 2109 2982 γὰρ
2164 2904 2325 2979 οἶμαι
2360 2907 2534 2968 αὐτὸν
2570 2905 2720 2981 ἔχειν
2752 2931 2801 2966 τι
2841 2913 2971 2982 περὶ

265 2999 324 3050 ‘25
354 2995 559 3053 τούτου
595 2995 794 3067 λέγειν.
867 2993 996 3052 οῦδὲ
1045 2996 1156 3069 γὰρ
1213 3001 1411 3066 σαφῶς
1463 2995 1639 3053 αὐτὸν
1689 2998 1788 3052 καὶ
1839 2991 2335 3067 ἀπαρακαλύπτως
2385 2995 2634 3063 ἡγοῦμαι
2684 2997 2783 3052 καὶ
2827 2996 2970 3066 πρὸς

357 3075 588 3152 ἑτέρους
624 3079 978 3151 ὁμολογῆσαι
1013 3076 1101 3148 ἄν,
1140 3075 1284 3154 ὅπερ
1321 3079 1490 3146 αὐτὸς
1525 3077 1586 3137 ἐν
1620 3086 1690 3150 τῇ
1724 3076 1927 3136 ἑαυτοῦ
1950 3079 2185 3150 κρύπτει
2209 3073 2449 3154 διανοίᾳ,
2484 3076 2565 3145 ὥς
2599 3074 2749 3135 ἔστιν
2776 3086 2973 3150 σαφῶς

358 3157 456 3234 ἀφ’
489 3155 576 3220 ὧν
610 3165 897 3238 γέγραφεν
930 3163 1266 3234 μανθάνειν.
1338 3159 1550 3230 ἄλλος
1582 3163 1708 3235 μὲν
1743 3163 1897 3236 γάρ,
1934 3166 2131 3234 φησίν,
2186 3160 2377 3220 ἐστὶν
2420 3159 2453 3218 ὁ
2490 3165 2713 3236 πατὴρ
2750 3161 2782 3218 ὁ
2820 3182 2969 3234 γεν-

355 3253 566 3320 νήσας
600 3246 671 3317 ἐξ
703 3247 914 3306 αὑτοῦ
947 3250 1067 3306 τὸν
1099 3259 1448 3319 μονογενῆ
1483 3249 1690 3319 λόγον
1725 3249 1840 3304 καὶ
1866 3247 2323 3320 πρωτότοκον
2358 3243 2627 3316 ἁπάσης
2658 3249 2969 3314 κτίσεως,

354 3335 567 3403 μόνος
601 3333 845 3404 μόνον,
883 3333 1150 3400 τέλειος
1183 3331 1477 3399 τέλειον,
1513 3329 1840 3404 βασιλεὺς
1872 3331 2188 3403 βασιλέα,
2223 3330 2466 3402 κύριος
2498 3331 2771 3404 κύριον,
2805 3334 2972 3399 θεὸς

265 3417 326 3470 30
355 3420 546 3488 θεόν,
601 3418 842 3484 ούσίας
885 3437 954 3474 τε
987 3421 1104 3474 καὶ
1143 3421 1394 3488 βουλῆς
1445 3419 1557 3472 καὶ
1611 3416 1812 3486 δόξης
1842 3417 1963 3471 καί.
2014 3415 2371 3484 δυνάμεως
2421 3414 2965 3487 ἀπαράλλακτον

355 3501 612 3559 εἰκόνα.
680 3511 858 3560 ταῦτα
903 3501 974 3558 τὰ
1023 3501 1166 3574 ῥητὰ
1203 3509 1400 3572 σαφῶς
1432 3504 1536 3570 τὴν
1571 3501 1788 3572 φαύλην
1834 3499 2010 3557 αὐτοῦ
2043 3503 2179 3572 περὶ
2212 3501 2491 3571 θεότητος
2534 3497 2749 3572 ἐλέγχει
2783 3502 2970 3568 δόξαν.

527 3687 688 3742 1-3
722 3688 811 3752 24,
847 3688 1066 3742 13-21.
1123 3687 1477 3751 asam-313
1512 3688 1554 3740 1
1591 3683 1837 3754 (οὐκοῦν)
1875 3715 1941 3724 —-
1980 3688 2025 3740 2
2060 3685 2239 3754 (θεοῦ)
2266 3687 2353 3750 35,
2382 3685 2596 3737 13—19.
2634 3686 2721 3750 49,
2746 3687 2969 3738 18—19.

357 3755 709 3816 134,13-14
743 3785 810 3793 -
849 3756 1017 3810 4-9
1050 3756 1134 3819 48,
1166 3756 1398 3816 33-49,
1429 3757 1492 3818 5,
1531 3755 1696 3809 4-8
1753 3747 1857 3821 ὤν)
1884 3755 1975 3816 24,
2002 3753 2227 3806 23-29
2262 3783 2328 3791 -
2362 3751 2627 3809 10-17
2655 3753 2979 3820 49,21-30

355 3853 420 3862 -
455 3824 715 3879 18—23
749 3823 834 3888 49,
873 3822 1107 3888 32—50,
1143 3825 1180 3875 4
1223 3851 1292 3861 -
1337 3822 1558 3878 24-8.
1599 3824 1705 3878 20
1759 3859 1778 3888 ,
1816 3823 1865 3877 4
1898 3823 1989 3887 24,
2024 3821 2237 3874 36-25
2286 3821 2378 3884 14,
2414 3819 2513 3878 27
2540 3816 2751 3890 (ἄλλος)
2802 3852 2871 3860 -
2924 3824 2971 3876 4

357 3891 596 3944 Aeacius
631 3891 718 3944 zm·
752 3890 1104 3959 Epiphanius
1139 3889 1287 3946 haer.
1333 3891 1411 3957 72,
1449 3891 1486 3942 6
1516 3890 1614 3958 (αι.
1653 3889 1920 3956 Dindorf)
1956 3889 2053 3956 ιρι.
2100 3889 2179 3956 72,
2214 3861 2263 3941 ἐ
2302 3889 2339 3941 9

523 4027 558 4081 2
602 4024 720 4080 τοι.
760 4028 896 4092 1,15
929 4055 996 4064 -
1033 4026 1072 4081 4
1106 4025 1386 4092 Kol.1‚15
1422 4056 1486 4063 —
1529 4026 1556 4080 7
1597 4024 1887 4090 Kol.1,15
1920 4054 1988 4062 -
2028 4025 2104 4079 ιο
2140 4024 2427 4088 K01.1,15
2460 4055 2527 4063 —
2569 4025 2645 4079 12
2681 4024 2971 4086 Kol.1‚15

355 4123 418 4132 —
456 4095 534 4150 14
590 4092 712 4148 Κοι,
751 4097 798 4158 1,
837 4097 901 4149 15
935 4125 1002 4133 —
1042 4094 1118 4148 1ss
1172 4093 1292 4148 soh.
1332 4095 1413 4158 10,
1449 4095 1518 4148 30
1563 4123 1633 4134 -
1690 4093 1766 4147 19
1821 4091 1963 4148 Phil.
2000 4093 2048 4158 2,
2086 4093 2115 4146 7
2174 4121 2240 4130 —
2294 4091 2371 4146 21
2429 4091 2562 4146 Gen.
2601 4095 2647 4152 1,
2683 4092 2751 4147 26
2786 4121 2853 4130 -
2890 4092 2965 4146 27

357 4161 498 4217 —81
540 4162 652 4232 vgl.
689 4163 740 4216 S.
779 4162 894 4226 186,
930 4161 1016 4215 5f.
1071 4161 1188 4227 204,
1224 4161 1338 4215 28f
1365 4192 1432 4200 —
1471 4161 1550 4217 28
1584 4160 1708 4215 Kol.
1746 4163 1793 4223 1,
1832 4163 1897 4215 15

524 4297 556 4352 1
597 4293 806 4352 οὐκοῦν
849 4296 1136 4366 πρόδηλον
1171 4307 1236 4356 <
1269 4297 1354 4362 49,
1395 4297 1458 4349 18
1520 4297 1528 4360 Ι
1595 4297 1631 4350 2
1680 4293 1712 4350 ὁ
1758 4295 1826 4351 λό
1868 4313 1931 4359 ος
1972 4288 2110 4350 καθ’
2145 4290 2351 4350 ἑαυτὸν
2386 4303 2451 4354 <
2484 4295 2568 4358 49,
2607 4293 2672 4347 19
2736 4294 2743 4358 Ι
2806 4293 2969 4362 θεοῦ]

355 4373 418 4430 -Ι-
453 4363 486 4419 ὁ
521 4365 696 4434 λόγος
731 4362 904 4420 αὐτοῦ
945 4367 1030 4426 49,
1069 4367 1132 4420 19
1197 4366 1205 4426 Ι
1271 4364 1309 4418 6
1360 4365 1523 4432 θεοῦ]
1561 4371 1624 4426 -Ι-
1661 4371 1762 4418 τοῦ
1799 4313 1976 4429 5724,
2014 4365 2080 4418 26
2145 4365 2152 4430 Ι
2220 4363 2257 4418 8
2310 4356 2447 4417 καθ’
2492 4356 2693 4416 ἑαυτὸν
2730 4359 2763 4414 ὁ
2799 4361 2971 4429 λόγος

353 4435 432 4490 49.
469 4433 542 4488 3f
599 4436 606 4500 Ι
674 4431 799 4488 111
845 4429 1058 4503 ὁρατοῦ
1095 4473 1108 4486 .
1147 4475 1158 4486 .
1197 4427 1453 4500 ἀόρατον
1489 4431 1579 4484 Mo
1631 4428 1885 4500 ἀοράτου
1921 4468 1932 4481 .
1973 4474 1983 4485 .
2022 4427 2236 4501 ὁρατὸν
2272 4429 2321 4482 V
2498 4429 2577 4484 14
2631 4424 2861 4496 ἀληθῶς
2913 4447 2969 4482 m

355 4501 364 4570 Ι
424 4503 495 4557 17
535 4519 647 4556 τινι
681 4513 764 4552 mr
838 4504 845 4568 Ι
913 4501 992 4554 23
1039 4494 1195 4554 ἔσται
1230 4500 1307 4552 V²
1349 4495 1500 4554 ἐστιν
1536 4500 1618 4552 V*
1682 4501 1689 4566 Ι
1757 4499 1833 4554 25
1890 4495 2051 4553 οὐδὲν
2086 4499 2162 4561 V,
2217 4513 2354 4552 oorr.
2466 4513 2497 4550 e
2552 4498 2581 4584 L
2637 4497 2715 4551 28
2768 4491 2970 4552 ἑαυτοῦ

355 4573 512 4624 Aeac.
551 4566 727 4624 αὐτοῦ
764 4567 812 4620 V
879 4569 887 4636 Ι
951 4567 1145 4636 λόγον]
1181 4565 1305 4622 υἱὸν
1340 4567 1418 4620 Re
1481 4568 1491 4634 Ι
1555 4564 1741 4634 πάσης
1773 4569 1935 4621 Aeac.
2078 4567 2151 4622 31
2192 4563 2409 4634 εἰκόνα]
2448 4567 2505 4631 -Ι-
2546 4567 2717 4628 αλλος
2753 4603 2966 4618 .....

355 4633 605 4706 ἀοράτου
639 4636 719 4690 Re
757 4635 866 4705 vgl.
903 4636 952 4690 S.
991 4638 1108 4698 204,
1143 4635 1258 4689 28f
1315 4637 1322 4702 Ι
1387 4633 1612 4706 ῥήματα
1649 4636 1810 4689 Aeac.
1876 4635 1885 4702 1
1951 4655 1987 4690 α
2057 4642 2124 4688 οῦ
2160 4632 2379 4704 φαύλην
2414 4637 2576 4688 Aeac.
