3694 5582
743 522 859 585 192
1929 514 2195 571 Eusebius

906 682 1000 737 Nr.
1023 686 1087 736 41
1129 684 1227 749 (Re
1251 684 1336 751 34)
1371 684 1470 737 καὶ
1504 681 1594 738 διὰ
1629 690 1798 737 τοῦτο
1838 679 1943 752 οὐχ
1980 678 2103 737 υἱὸν
2138 686 2281 738 θεοῦ
2316 676 2517 737 ἑαυτὸν
2554 679 2842 749 ὀνομάζει,
2880 678 3025 737 ἀλλὰ
3060 690 3348 751 πανταχοῦ

737 764 860 821 ιὶὸν
897 763 1214 839 ἄνθρωπον
1248 762 1452 822 ἑαυτὸν
1487 766 1654 837 λέγει,
1686 762 1784 821 ι’να
1821 766 1911 823 διὰ
1946 776 2045 834 τῆς
2078 765 2342 835 τοιαύτης
2378 764 2689 836 ὁμολογίας
2720 764 2882 821 θέσει
2902 765 3006 821 τὸν
3041 761 3349 837 ἄνθρωπον

735 850 826 907 διὰ
863 855 963 920 τὴν
999 850 1144 919 πρὸς
1180 850 1353 908 αὐτόν
1385 852 1691 907 κοινωνίαν
1725 849 1851 907 υἱὸν
1886 854 2030 907 θεοῖ
2064 852 2335 920 γενέσθαι
2356 849 2763 921 παρασκευάσῃ
2798 852 2896 906 καὶ
2919 850 3065 920 μετὰ
3100 852 3165 906 τὸ
3191 850 3347 915 τέλος

733 942 836 1003 τῆς
873 935 1134 1005 πράξεως
1169 929 1358 1002 αὖθις,
1414 932 1495 1001 ὼς
1528 937 1727 1006 λόγος,
1781 931 1973 1004 ἑνωθῇ
2014 954 2095 1008 τω
2140 939 2285 1008 θεῶ,
2338 940 2570 1005 πληρῶν
2606 933 2789 991 έκεῖνο
2825 934 2892 989 τὸ
2928 931 3039 991 ὑπὸ
3074 942 3177 991 τοῦ
3212 932 3349 991 ἀπο-

663 1030 698 1067 )
736 1020 940 1076 στόλου
977 1021 1419 1095 προειρημένον·
1484 1021 1640 1077 »τότε
1687 1018 1858 1085 αὐτὸς
1892 991 2305 1090 ὑποταγήσεται
2343 1039 2423 1090 τῳ
2458 1016 2803 1085 ὑποτάξαντι
2848 1020 3001 1093 αὐτῷ
3036 1018 3106 1076 τὰ
3145 1019 3343 1085 πάντα,
3394 1060 3404 1077 .

729 1100 827 1161 ι’να
865 1097 898 1175 ᾗ
935 1104 1122 1161 πάντα
1157 1108 1254 1161 καὶ
1289 1103 1352 1161 ἐν
1385 1112 1559 1161 πᾶσιν
1597 1104 1628 1159 6
1663 1104 1849 1169 θεόςσ.
1912 1099 2069 1160 ἔσται
2105 1103 2215 1175 γὰρ
2240 1112 2543 1172 τηνικαῦτα
2578 1098 2741 1160 τοῦθ
2776 1100 2922 1176 όπερ
2958 1104 3245 1179 πρότερον
3271 1102 3351 1174 ἣν.

899 1256 993 1311 Nr.
1030 1258 1098 1310 42
1151 1256 1251 1323 (ΒΘ
1285 1257 1372 1322 36)
1427 1254 1459 1310 6
1495 1255 1604 1325 μὲν
1637 1254 1749 1328 γὰρ
1783 1256 1957 1324 λόγος
1994 1252 2085 1311 »ἐν
2122 1251 2270 1327 ἀρχῇ
2316 1251 2441 1324 ἧνσ,
2492 1254 2667 1325 μηδὲν
2720 1250 2921 1324 ἕτερον
2973 1249 3057 1309 ὢν
3092 1254 3127 1323 ἢ
3164 1256 3349 1326 λόγος.

735 1338 766 1395 6
821 1338 880 1394 δὲ
935 1347 1013 1412 τῷ
1050 1341 1202 1413 λόγῳ
1239 1336 1476 1406 ἑνωθεὶς
1527 1334 1863 1409 ἄνθρωπος,
1920 1338 2027 1395 οὐκ
2076 1334 2160 1394 ὢν
2214 1339 2523 1412 πρότερον,
2580 1339 2815 1411 γέγονεν
2872 1334 3221 1410 [ἄνθρωπος]
3276 1334 3355 1405 ὼς

733 1423 980 1481 διδάσκει
1014 1424 1164 1493 ἡμᾶς
1199 1417 1468 1494 Ἰωάννης
1501 1424 1682 1496 λέγων
1723 1426 1849 1480 »καὶ
1884 1421 1917 1478 6
1952 1424 2125 1494 λόγος
2162 1420 2305 1496 σὰρξ
2338 1420 2617 1494 έγένετοα.
2686 1424 2776 1481 διὰ
2810 1432 2980 1480 τοῦτο
3014 1425 3209 1479 τοίνυν
3250 1431 3351 1479 τοῦ

633 1514 698 1563 10
733 1509 908 1579 λόγου
942 1508 1316 1579 μνημονεύων
1363 1510 1625 1579 φαίνεται
1667 1508 1877 1577 μόνου·
1934 1504 2046 1565 εἴτε
2090 1507 2203 1579 γὰρ
2240 1503 2416 1577 Ἰησοῦ
2452 1504 2565 1565 εἴτε
2601 1509 2852 1580 Χριστοῦ
2898 1506 3187 1577 ὀνόματος
3220 1527 3352 1576 μνη-

731 1592 964 1661 μονεύει
1014 1595 1048 1663 ὴ
1101 1595 1237 1649 θεία
1287 1596 1506 1667 γραφή,
1559 1594 1659 1651 τὸν
1711 1591 1857 1661 μετὰ
1910 1592 2053 1663 [τὸν]
2107 1603 2208 1661 τῆς
2252 1590 2617 1665 ἀνθρωπίνης
2654 1588 2793 1649 ὄντα
2831 1593 3043 1664 σαρκὸς
3076 1600 3182 1647 τοῦ
3216 1596 3354 1648 θεοῦ

733 1678 910 1747 λόγον
948 1676 1256 1746 ὀνομάζειν
1293 1680 1569 1748 φαίνεται.
1641 1676 1696 1735 εἰ
1736 1677 1796 1733 δέ
1839 1696 1925 1743 τις
1966 1680 2065 1733 καὶ
2099 1678 2213 1751 πρὸ
2248 1684 2348 1746 τῆς
2382 1676 2515 1743 νέας
2548 1679 2823 1747 διαθήκης
2856 1679 2923 1734 τὸ
2958 1684 3063 1733 τοῦ
3104 1678 3355 1747 Χριστοῦ

765 1760 795 1829 ἢ
863 1756 1052 1831 Ἰησοῦ
1089 1758 1274 1831 ὄνομα
1310 1759 1404 1818 ἐπὶ
1439 1770 1541 1817 τοῦ
1574 1762 1750 1833 λόγου
1784 1764 1969 1832 μόνου
2012 1760 2293 1818 δεικνύναι
2326 1760 2607 1817 δύνασθαι
2642 1758 3073 1832 ἐπαγγέλλοιτο,
3133 1758 3356 1832 εὑρήσει

733 1853 900 1901 τοῦτο
949 1853 1312 1917 προφητικῶς
1357 1844 1682 1919 εἰρημένον,
1735 1840 1933 1919 ὥσπερ
1977 1848 2076 1901 καὶ
2110 1843 2226 1901 ἀπὸ
2264 1845 2470 1902 τούτου
2504 1847 2698 1913 δῆλον·
2764 1844 3189 1919 »παρέστησανα
3246 1842 3354 1917 γάρ

632 1938 697 1990 15
735 1948 903 1997 φησιν
959 1927 1048 1985 »02
1096 1934 1349 2002 βασιλεῖς
1399 1936 1497 1998 τῆς
1551 1938 1652 2002 γῆς
1701 1935 1800 1987 καὶ
1843 1928 1901 1986 οἳ
1944 1926 2219 2001 ἄρχοντες
2266 1932 2628 2000 συνήχθησαν
2662 1926 2755 1986 ἐπὶ
2790 1930 2855 1986 τὸ
2894 1927 3032 1985 αὐτὸ
3068 1928 3219 1986 κατὰ
3254 1937 3355 1985 τοῦ

731 2016 931 2085 κυρίου
964 2016 1063 2069 καὶ
1095 2014 1244 2071 κατὰ
1278 2023 1382 2070 τοῦ
1417 2016 1670 2088 Χριστοῦ
1707 2014 1933 2071 αὐτοῦ«.

903 2182 993 2237 Nr.
1032 2185 1097 2236 43
1135 2183 1236 2249 (Re
1271 2186 1357 2247 37)
1393 2176 1542 2239 ὥστε
1580 2181 1950 2252 πανταχόθεν
1994 2181 2164 2249 δῆλόν
2198 2178 2352 2237 ἐστιν
2400 2180 2572 2249 μηδὲν
2608 2176 2808 2253 ἕτερον
2842 2184 2913 2251 τῇ
2948 2178 3223 2249 ἄιδιότητι
3253 2186 3354 2235 τοῦ

731 2266 909 2336 λόγου
946 2260 1251 2335 ἁρμόττειν
1288 2261 1475 2333 ὄνομα
1514 2265 1544 2334 ἢ
1581 2260 1742 2322 τοῦθ’
1779 2262 1923 2337 ὅπερ
1960 2265 1991 2321 6
2028 2262 2347 2337 ἁγιώτατος
2382 2273 2484 2321 τοῦ
2518 2268 2661 2321 θεοῦ
2684 2266 2944 2334 μαθητὴς
2976 2266 3077 2319 καὶ
3110 2262 3355 2321 ἀπόστο-

732 2356 829 2415 λος
865 2345 1134 2419 Ἰωάννης
1169 2347 1229 2405 ἐν
1266 2348 1412 2420 ἀρχῇ
1447 2359 1549 2407 τοῦ
1572 2348 1926 2421 Εὐαγγελίου
1962 2347 2201 2421 είρηκεν.
2257 2347 2445 2417 ἐπειδὴ
2471 2348 2585 2420 γὰρ
2608 2349 2747 2419 [τὴν]
2786 2346 2933 2417 μετὰ
2968 2349 3072 2417 τὴν
3096 2355 3200 2417 τῆς
3225 2366 3355 2417 σαρ-

629 2442 699 2493 ³1)
731 2436 831 2499 κὸς
877 2432 1161 2504 ἀνάληψιν
1199 2436 1444 2505 Χριστός
1489 2454 1548 2489 τε
1585 2437 1683 2491 καὶ
1717 2430 1936 2505 Ἰησοῦς
1970 2433 2317 2505 κηρύττεται,
2354 2436 2468 2502 ζωή
2502 2451 2564 2488 τε
2600 2435 2698 2489 καὶ
2736 2432 2867 2498 ὁδὸς
2899 2434 2999 2487 καὶ
3034 2434 3226 2506 ἡμέρα
3259 2434 3357 2488 καὶ

733 2516 793 2574 c’u
795 2517 1042 2584 άστασις
1075 2521 1173 2573 καὶ
1209 2518 1358 2589 θυρα
1395 2522 1494 2574 καὶ
1529 2515 1707 2586 αρτος
1727 2522 1826 2576 και
1849 2514 1911 2575 εἴ
1934 2538 1988 2575 τι
2012 2515 2213 2587 ἕτερον
2241 2515 2348 2574 ὑπὸ
2374 2523 2489 2573 τῶν
2515 2518 2691 2572 θείων
2718 2515 3066 2586 ὀνομάζοιτο
3091 2523 3352 2589 γραφῶν,

751 2600 858 2669 job>
913 2599 1071 2674 παρὰ
1106 2610 1275 2657 τοῦτο
1313 2599 1544 2673 ἀγνοεῖν
1579 2604 1729 2673 ἡμᾶς
1763 2606 2041 2675 προσήκει
2084 2602 2153 2658 τό
2199 2609 2429 2675 πρῶτον
2476 2596 2689 2670 ὄνομα,
2745 2597 2833 2657 ὅτι
2884 2602 3059 2670 λόγος
3109 2598 3199 2671 ἦν.
3269 2598 3357 2656 διὰ

735 2694 902 2741 τοῦτο
940 2685 1052 2757 γὰρ
1085 2688 1184 2741 καὶ
1219 2684 1252 2742 6
1289 2684 1608 2757 ἁγιώτατος
1643 2685 2045 2757 εὐαγγελιστὴς
2078 2690 2177 2742 καὶ
2209 2689 2473 2755 μαθητὴς
2506 2694 2608 2741 τοῦ
2643 2686 2865 2751 κυρίου,
2924 2686 3147 2755 σφόδρα
3196 2682 3357 2755 ἐγρη-

735 2767 925 2842 γορὼς
968 2777 1047 2844 τῷ
1091 2770 1392 2840 πνεύματι,
1443 2778 1542 2840 τῆς
1588 2766 1816 2828 ἄνωθεν
1852 2770 2228 2841 μνημονεύων
2264 2769 2442 2843 ἀρχῆς
2474 2772 2571 2827 καὶ
2606 2768 2848 2840 μηδενὸς
2899 2769 3211 2843 νεωτέρου,
3270 2766 3358 2824 »ἐν

631 2863 699 2914 25
735 2853 885 2925 ἀρχῇ
922 2853 988 2924 ἦν
1025 2855 1057 2910 6
1100 2857 1297 2926 λόγος«
1356 2852 1462 2926 ἔφη
1519 2859 1646 2912 »καὶ
1685 2857 1717 2912 6
1752 2858 1925 2927 λόγος
1960 2853 2026 2925 ἢν
2062 2855 2208 2927 πρὸς
2242 2855 2343 2911 τὸν
2378 2857 2543 2920 θεόν,
2596 2857 2694 2910 καὶ
2745 2853 2886 2919 θεὸς
2936 2851 3005 2924 ἦν
3059 2852 3092 2909 6
3136 2853 3357 2924 λόγοςα,

731 2935 828 2994 ἵνα
865 2941 1016 3008 δείξῃ
1061 2935 1173 3006 ὅτι,
1227 2937 1289 2996 εἴ
1324 2960 1375 2995 τι
1410 2939 1610 2996 καινὸν
1645 2943 1744 2996 καὶ
1777 2938 2063 3008 νεώτερον
2101 2935 2311 3008 ὄνομα,
2364 2934 2517 2995 τοῦτ’
2552 2936 2667 2994 ἀπὸ
2702 2945 2803 3005 τῆς
2836 2945 3034 3006 καινῆς
3070 2935 3228 3011 αὐτῷ
3260 2939 3358 2992 καὶ

737 3023 866 3090 νέας
904 3019 1116 3096 ὑπῆρξε
1151 3024 1297 3080 κατὰ
1335 3023 1521 3096 σάρκα
1559 3023 1913 3094 οἰκονομίας.

905 3193 997 3247 Nr.
1035 3195 1102 3245 44
1140 3191 1240 3258 (Re
1275 3193 1360 3260 38)
1398 3192 1712 3264 Σαβέλλιος
1747 3192 1857 3263 γὰρ
1892 3193 1992 3246 καὶ
2027 3189 2197 3256 αὐτὸς
2230 3197 2329 3260 τῆς
2374 3189 2556 3259 ὀρθῆς
2591 3189 2898 3258 ὀλισθήσας
2944 3189 3190 3254 πίστεως
3230 3182 3357 3244 οὔτε

733 3277 834 3332 τὸν
871 3273 1011 3332 θεὸν
1049 3273 1294 3346 ἀκριβῶς
1339 3271 1484 3346 ἔγνω
1522 3272 1652 3332 οὔτε
1687 3277 1787 3333 τόν
1825 3271 1991 3346 ἅγιον
2028 3274 2201 3331 αὐτοῦ
2236 3277 2426 3346 λόγον.
2500 3272 2531 3328 6
2568 3273 2679 3348 γὰρ
2715 3277 2791 3343 μὴ
2827 3275 2929 3328 τὸν
2966 3272 3148 3341 λόγον
3190 3271 3359 3342 γνοὺς

629 3371 700 3423 30
735 3359 1014 3431 ἠγνόησεν
1045 3363 1146 3414 καὶ
1182 3359 1281 3415 τόν
1317 3359 1552 3430 πατέρα.
1611 3357 1851 3426 »οὔδεῖςε
1891 3359 2003 3432 γὰρ
2046 3354 2254 3415 »οἶδενα
2296 3361 2463 3429 φησὶν
2504 3361 2633 3414 »τὸν
2658 3358 2896 3430 πατέρα,
2934 3355 3090 3425 εἰμὴ
3130 3355 3163 3412 6
3191 3354 3357 3422 υἱόςα,

906 3546 1066 3598 1--6
1109 3546 1204 3608 42,
1243 3545 1483 3608 33-43,
1539 3545 1582 3598 6.
1658 3543 1782 3606 107,
1838 3543 2103 3604 39—103,
2157 3545 2219 3606 4,·
2275 3544 2435 3598 1-3
2488 3537 3016 3626 (napaoxevo'wys)
3001 3541 3074 3602 75,
3128 3541 3356 3593 32-35,

738 3615 822 3676 «,8’4
859 3613 1075 3664 ..29—-3-'2
1109 3643 1174 3650 —
1219 3611 1422 3668 7—16
1447 3613 1541 3698 43,
1577 3612 1807 3677 28-44,
1847 3613 1906 3673 6,·
1968 3609 2166 3667 '7-—14
2218 3609 2559 3681 (εἰρημένον)
2623 3611 2695 3672 79,
2732 3609 2947 3661 25—33
2986 3637 3052 3645 —
3106 3606 3367 3664 17-27

749 3681 820 3742 79,
857 3680 1046 3741 1-14,·
1103 3678 1356 3736 1'7—19
1391 3652 1657 3766 (εἴρηκεν)
1695 3679 1775 3746 89,
1803 3679 1968 3736 6-8,·
2017 3682 2111 3734 19
2155 3659 2385 3747 (ἐπειδη)
2439 3709 2506 3716 -
2560 3679 2737 3744 20(
2822 3676 2849 3731 έ
2852 3675 2945 3746 ρα)
2982 3675 3066 3737 12,
3110 3675 3357 3736 28-29;

741 3749 837 3802 26
891 3742 1026 3832 (ι’να)
1078 3778 1145 3785 -
1193 3746 1291 3802 27
1337 3699 1707 3814 (οἰκονομίας)
1761 3747 1851 3810 89,
1891 3747 2089 3799 10-11
2141 3777 2208 3784 -
2260 3702 2485 3802 28—S
2538 3746 2709 3811 193,
2719 3677 2883 3800 (ἡρὲ
2867 3745 2950 3805 74,
3002 3714 3245 3806 33-75,
3299 3743 3356 3795 9·

739 3817 853 3869 30
889 3812 1087 3880 (οὐδεὶς
1083 3815 1344 3882 ·)—193,
1379 3817 1408 3866 1
1444 3816 1652 3884 (λόγος)
1697 3815 1774 3880 76,
1815 3814 1989 3867 9-10

907 3951 941 4004 5
979 3949 1001 4000 I
1041 3950 1167 4004 Kor.
1207 3953 1286 4014 15,
1324 3951 1390 4003 ‘28
1427 3980 1490 3988 —
1533 3953 1560 4005 7
1601 3950 1877 4013 Joh.1‚1
1916 3979 1982 3987 —
2018 3951 2056 4003 9
2093 3949 2389 4012 Joh.1,14
2423 3979 2489 3987 —
2529 3949 2604 4003 14
2642 3947 2851 4012 Ps.2‚2
2886 3975 2953 3984 --
2990 3946 3071 4001 24
3106 3945 3354 4010 Joh.1,1

735 4047 798 4054 --
839 4019 917 4071 30
955 4017 1152 4070 Matth.
1193 4020 1274 4080 11,
1310 4021 1375 4071 27

908 4152 985 4206 11⁹
1033 4148 1175 4208 ἀλλὰ
1212 4181 1275 4190 -
1312 4147 1484 4221 λέγει]
1531 4146 1653 4208 ἀλλ’
1691 4151 1741 4203 V
1776 4154 1859 4218 42,
1896 4152 1963 4204 33
2028 4151 2035 4218 Ι
2103 4152 2133 4206 1
2194 4147 2367 4206 αὐτὸν
2404 4149 2451 4201 V
2488 4152 2571 4214 84,
2608 4151 2673 4204 29
2740 4152 2748 4218 Ι
2814 4150 2849 4204 2
2902 4147 3065 4204 θέσει
3096 4147 3223 4218 τόν]
3257 4148 3358 4202 τὸν

783 4217 900 4274 ι’·σει
935 4221 1015 4272 Re
1079 4222 1086 4286 Ι
1153 4222 1190 4274 3
1235 4225 1304 4286 τῆ
1369 4263 1380 4274 .
1419 4263 1430 4274 .
1426 4222 1769 4354 Ικοινωνίας
1804 4223 1887 4282 75,
1922 4221 2004 4274 34.
2075 4221 2159 4284 84,
2194 4220 2277 4273 31
2332 4220 2465 4300 107,
2502 4220 2570 4271 34
2634 4219 2641 4282 Ι
2706 4217 2745 4271 4
2790 4214 3072 4287 πράξεως]
3118 4236 3157 4270 κ
3196 4219 3359 4334 ίσεως

783 4239 3156 4421 evglkzuSA3'79252292u5vov’0f1082163314t62108,31&9263

733 4357 815 4418 43,
836 4358 868 4409 5
1008 4355 1044 4409 8
1081 4348 1392 4426 ἄνθρωπος
1427 4357 1523 4409 str
1555 4337 1646 4408 Re
1669 4309 1774 4408 'Qvo
1808 4351 2096 4439 νεώτερον
2131 4354 2182 4422 (‘?
2216 4353 2327 4426 vgl.
2359 4353 2503 4408 oben
2538 4353 2588 4407 S.
2616 4355 2702 4418 44,
2725 4351 2827 4406 18f
2872 4353 2993 4418 200
3030 4305 3295 4406 Harnack
3350 4349 3357 4417 Ι

735 4425 772 4476 9
798 4420 859 4477 λέ
900 4441 980 4476 ων
1017 4431 1082 4480 <
1119 4425 1198 4488 79,
1221 4425 1284 4476 27
1333 4424 1471 4490 Ι10
1505 4423 1687 4508 μόνον
1706 4423 1753 4474 V
1792 4425 1874 4487 79,
1897 4425 1963 4475 28
2010 4426 2017 4490 Ι
2060 4416 2273 4510 Ἰησοῦ]
2312 4419 2438 4476 ιιοῦ
2472 4421 2551 4475 Re
2616 4422 2623 4486 Ι
2688 4393 2762 4476 '11
2801 4421 2929 4476 τὸν2
2964 4421 3059 4475 etr
3082 4419 3163 4472 Vc
3189 4422 3274 4484 43,
3294 4419 3358 4472 33

807 4441 984 4544 litt}
1023 4499 1088 4548 <
1126 4491 1172 4542 V
1214 4494 1292 4552 79,
1331 4495 1393 4544 31
1459 4441 1909 4576 Ιμ18ἢ1ησόΐ·
1950 4490 2017 4542 ΚΙ
2053 4488 2089 4554 ἢ
2122 4486 2247 4543 uos·
2284 4489 2419 4556 (Mo)
2454 4489 2534 4542 Re
2568 4493 2622 4542 ῖῖ
2660 4488 2709 4541 V
2744 4489 2827 4544 44.
2863 4490 2895 4542 2
2930 4483 3055 4542 υἱοῦ
3092 4487 3141 4540 V
3180 4489 3260 4553 79,
3294 4487 3357 4540 32

737 4610 741 4621 ‚
803 4555 894 4611 ἐπὶ
931 4568 996 4616 <
1033 4557 1080 4608 V
1121 4560 1202 4622 79,
1239 4531 1304 4612 32
1369 4560 1376 4626 Ι
1440 4559 1710 4646 τῷλόγῳ
1745 4559 1909 4630 μόνω
1945 4558 1992 4611 V
2032 4560 2111 4620 79,
2149 4559 2215 4611 ’32
2280 4559 2287 4623 Ι
2357 4558 2432 4611 19
2486 4552 2548 4611 ει’
2576 4555 2729 4624 ηκεν]
2776 4551 2934 4612 εἶπεν
2968 4557 3051 4619 89,
3087 4556 3121 4609 8
3186 4557 3194 4623 Ι
3286 4551 3356 4622 ἀρ

735 4635 800 4684 <
843 4626 917 4688 12,
946 4627 1012 4678 28
1077 4626 1083 4690 Ι
1149 4627 1248 4692 τὴν
1285 4627 1459 4691 str.(?)
1489 4614 1612 4676 12
1611 4629 1689 4689 To,
1725 4635 1758 4676 4
1827 4627 1834 4692 Ι
1902 4625 1979 4680 22
2019 4621 2087 4679 οὔ
2119 4626 2207 4678 ub.
2248 4623 2295 4678 d.
2336 4624 2387 4678 Z
2427 4623 2504 4675 V²
2573 4627 2621 4688 9,
2658 4626 2687 4676 7
2756 4623 2763 4688 Ι
2830 4624 2908 4678 24
2955 4573 3357 4710 νεωτέρουῖ-Ι-

733 4667 1022 4758 ὀνόματος
1057 4691 1355 4762 ἐμνησθηῖ)
1389 4693 1474 4746 Re
1537 4694 1546 4761 Ι
1613 4695 1690 4748 26
1729 4687 1816 4746 ὅτι
1854 4703 1918 4752 <
1954 4693 2004 4744 V
2041 4695 2225 4760 79,12
2292 4693 2300 4759 Ι
2367 4692 2439 4746 27
2482 4690 2688 4762 σάρκα]
2727 4697 2791 4753 -Ι-
2826 4693 2925 4746 καὶ
2958 4690 3010 4744 V
3048 4691 3234 4754 79,13
