3694 5582
1226 511 1295 566 de
1330 511 1710 568 ecelesiastica·
1733 513 2018 583 theologia
2050 514 2076 567 1
2111 515 2193 570 20.
2938 521 3017 584 93

402 681 736 762 έστηκενι.
822 681 1038 745 ταῦτα
1098 675 1224 763 γὰρ
1284 682 1436 762 περὶ
1490 683 1613 766 τῆς
1652 672 2009 770 ’θεότητοζ
2051 677 2388 766 τοῦ-υἱοῦ
2444 683 2573 747 τοῦ
2631 683 2829 758 θεοῦ,
2892 673 3020 746 κᾶν
3057 689 3121 742 71

401 774 488 865 μὴ
539 781 918 864 Μαρκέλλῳ
965 781 1155 862 δοκῇ,
1218 778 1490 864 εἴρηται.
1579 772 1662 848 οῦ
1711 775 1839 864 γὰρ
1892 784 2044 866 περὶ
2088 783 2211 865 τῆς
2254 774 2501 865 σαρκὸς
2544 777 2733 848 εἶπεν
2774 773 2863 846 ἂν
2907 769 3019 847 το(-

405 881 619 946 σαῦτα
659 869 700 945 ὁ
742 886 932 956 θεῖος
973 870 1380 957 ἀπόστολος.
1467 873 1704 964 μωρὸν
1749 876 1875 964 γὰρ
1932 882 2141 948 τοῦτο
2194 883 2305 946 καὶ
2359 871 2795 964 ἀδιανόητον,
2849 874 3021 964 πρὸς

402 982 504 1064 τῷ
559 981 671 1044 καὶ
734 971 1208 1062 ἀσυνάρτητον
1269 977 1440 1046 εἶναι
1501 982 1622 1064 τῆς
1685 973 1995 1064 φράσεως
2056 976 2186 1064 τὴν
2246 977 2627 1064 ἑρμηνείαν·
2686 982 2837 1057 πῶς
2897 973 3023 1064 γὰρ

338 1083 369 1135 5
401 1081 556 1162 περὶ
601 1080 721 1163 τῆς
765 1072 1010 1161 σαρκὸς
1053 1069 1304 1163 ἥρμοζε
1347 1081 1562 1163 λέγειν
1612 1069 1726 1158 »ὃς
1764 1081 1951 1147 ἐστιν
1980 1076 2245 1160 εἰκώνα,
2292 1080 2449 1148 δέον
2478 1079 2557 1162 (εἰ
2588 1072 2741 1163 ἄρα)
2788 1079 3019 1163 φῆσαι·

403 1167 446 1260 ἤ
492 1177 678 1244 ἐστιν
719 1173 940 1245 εἰκών.

567 1271 730 1358 (ιε’.)
791 1279 904 1343 καὶ
963 1277 1039 1343 ἐν
1097 1272 1308 1364 ἑτέρῳ
1372 1280 1444 1346 δὲ
1502 1271 1711 1346 πάλιν
1765 1271 1804 1346 δ
1860 1270 2066 1356 αὐτὸς
2118 1271 2345 1346 εἰκόνα
2401 1280 2527 1345 τοῦ
2586 1279 2757 1344 θεοῦ
2808 1268 3023 1342 αὐτὸν
3058 1285 3124 1339 72

407 1367 764 1460 ω’νόμαζεν
810 1379 1030 1457 λέγων
1077 1378 1170 1444 »εἰ
1214 1378 1286 1443 δὲ
1326 1381 1438 1443 καὶ
1483 1377 1668 1446 ἔστιν
1708 1381 2217 1463 κεκαλυμμένον
2261 1371 2341 1444 τὸ
2373 1369 2763 1461 εὐαγγέλιον
2807 1368 3019 1460 ἡμῶν,

402 1476 476 1542 ἐν
521 1490 668 1554 τοῖς
711 1469 1206 1562 ἀπολλυμένοις
1249 1477 1434 1544 ἐστὶν
1475 1481 2000 1563 κεκαλυμμένον,
2047 1477 2121 1545 ἐν
2167 1471 2270 1554 οἷς
2314 1468 2353 1544 ὁ
2397 1470 2561 1554 θεὸς
2604 1477 2731 1542 τοῦ
2774 1477 3025 1551 αἰῶνος

305 1581 370 1634 10
403 1569 659 1643 τούτου
701 1571 1100 1658 ἐτύφλωσεν
1144 1571 1230 1662 τὴ
1275 1570 1585 1662 νοήματα
1629 1580 1778 1644 τῶν
1821 1570 2135 1644 ἀπίστων
2166 1571 2338 1661 πρὸς
2376 1572 2460 1644 τὸ
2489 1569 2579 1660 μὴ
2608 1568 3026 1658 καταυγάσαι

401 1676 476 1742 ἐν
523 1690 672 1754 ταῖς
715 1679 1018 1758 καρδίαις
1061 1669 1300 1743 αὐτῶν
1344 1670 1472 1742 τὸν
1517 1671 1873 1760 φωτισμὸν
1926 1679 2051 1745 τοῦ
2105 1669 2491 1761 εὐαγγελίου
2534 1677 2661 1741 τοῦ
2704 1675 3026 1758 Χριστοῦ,

401 1765 478 1852 ὅς
523 1775 711 1843 ἐστιν
752 1773 959 1862 {lg-&13
988 1777 1129 1852 ,τοῦ
1169 1778 1398 1842 θεοῦι.
1483 1774 1654 1844 ἔνθα
1715 1779 1827 1842 καὶ
1878 1770 2203 1861 προσήκει
2256 1769 2383 1842 τὸν
2438 1776 2606 1842 νοῦν
2650 1774 3021 1859 ἐπιστῆσαι,
3059 1781 3124 1834 73

405 1868 502 1954 αἷς
565 1866 604 1942 ὅ
665 1881 857 1954 θεῖος
916 1867 1311 1954 ἀπόστολος
1365 1865 1600 1962 ὁρικὸν
1653 1875 2055 1961 ἐξηνέγκατο
2100 1867 2311 1961 λόγον
2353 1877 2507 1960 περὶ
2551 1875 2679 1940 τοῦ
2725 1875 3025 1957 Χριστοῦ

403 1973 624 2043 εἰπών
667 1967 880 2041 αὐτὸν
921 1967 1152 2042 εἰκόνα
1195 1978 1324 2042 τοῦ
1366 1978 1562 2055 θεοῦ,
1617 1975 1726 2042 ἵνα
1768 1972 1859 2060 μή
1905 2001 2007 2054 τις
2052 1969 2173 2042 δύο
2218 1970 2424 2052 θεοὺς
2466 1966 2799 2055 ὑπολάβοι
2835 1970 3022 2050 εἶναι,

308 2081 367 2134 15
402 2067 552 2142 ἀλλ’
601 2071 716 2142 ἕνα
761 2067 886 2141 τὸν
931 2075 1041 2142 ἐπὶ
1084 2067 1394 2142 πάντων.
1482 2077 1538 2141 εί
1581 2070 1706 2160 γὰρ
1763 2070 1895 2152 »εἷς
1937 2067 2129 2153 θεός,
2195 2077 2307 2141 καὶ
2367 2066 2491 2142 οῦκ
2549 2071 2733 2140 ἔστιν
2796 2071 3023 2156 ἕτερος

401 2169 588 2260 πλὴν
631 2167 913 2252 adrosa«,
969 2166 1175 2252 αὐτὸς
1230 2165 1316 2239 ἂν
1361 2174 1461 2258 εἴη
1508 2165 1546 2241 ὁ
1589 2177 1702 2241 καὶ
1747 2168 1856 2241 διὰ
1901 2176 2027 2241 τοῦ
2070 2174 2222 2243 υιοῦ
2264 2167 2359 2251 ω“ς
2404 2165 2496 2239 δι’
2542 2165 2807 2251 εἰκόνος
2852 2195 3023 2256 γνω-

401 2268 772 2358 ριζόμενος.
860 2267 964 2340 διὸ
1010 2275 1121 2340 καὶ
1167 2297 1204 2339 ο
1249 2265 1393 2353 υἱὸς
1437 2266 1618 2364 θεός,
1665 2267 1794 2391 διὰε
1818 2268 1950 2359 τὴν
1990 2275 2065 2340 ἐν
2111 2266 2299 2358 αὐτῷ
2344 2275 2473 2340 τοῦ
2516 2266 2779 2356 πατρὸς
2822 2264 2917 2349 ὥς
2949 2271 3021 2338 ἐν
3059 2283 3127 2338 74

401 2367 617 2442 εἰκόνι
657 2367 1033 2488 μόρφωσιν.
1107 2397 1145 2439 ο
1163 2366 1272 2488 *δὴ
1311 2375 1713 2456 παρίστησιν
1757 2398 1795 2440 ο
1838 2380 2027 2452 θεῖος
2072 2363 2478 2451 ἀπόστολος,
2530 2373 2641 2440 60¹
2695 2371 2858 2438 τοτὲ
2899 2373 3022 2455 μὲν

401 2475 626 2559 λέγων
692 2463 805 2552 »ὃς
849 2473 922 2541 ἐν
964 2474 1194 2558 μορφῇ
1254 2476 1426 2540 θεοῦ
1483 2464 1875 2559 ὖπάρχωνι,
1938 2475 2102 2540 τοτὲ
2164 2473 2235 2538 δὲ
2294 2464 2507 2538 αὐτὸν
2570 2463 2837 2537 »εἰκόνα
2899 2472 3026 2537 τοῦ

303 2575 368 2630 20
399 2576 611 2643 θεοῦ«
663 2565 1067 2658 ὁριζόμενος.
1153 2564 1405 2640 οὐκοῦν
1445 2567 1615 2657 μετὰ
1669 2575 1817 2641 τῶν
1872 2567 2112 2640 αλλων
2162 2570 2548 2657 ἐπηγοριῶν
2606 2573 2719 2636 καὶ
2785 2567 3026 2637 »εἰκών

402 2675 535 2740 τοῦ
576 2675 778 2739 θεοῦ(
829 2667 961 2756 πρὸ
1009 2673 1133 2790 τῆς
1174 2664 1504 2756 ἐνσᾶρκου
1545 2675 1917 2756 παρουσίας
1960 2663 1997 2738 ό
2041 2665 2185 2750 υἱὸς
2226 2669 2313 2756 ἠν
2357 2694 2432 2737 τε
2473 2672 2586 2738 καὶ
2614 2662 3022 2755 ὠνόμασται.

401 2765 581 2841 ἀλλὰ
625 2775 844 2840 ταῦτα
886 2774 1010 2857 μὲν
1052 2763 1190 2839 ἀπὸ
1235 2772 1357 2856 τῆς
1398 2773 1634 2857 καινῆς
1679 2765 2037 2859 διαθήκης,
2095 2763 2290 2856 ὀλίγα
2346 2763 2481 2838 ἀπὸ
2525 2773 2811 2856 μυρίων,
2864 2761 3025 2855 ἡμῖν

401 2864 620 2956 λόγου
662 2876 1058 2957 συμμετρίας
1100 2866 1298 2957 χάριν
1341 2874 1684 2956 συνῆκται.

575 2968 670 3051 ις’.
737 2974 849 3039 καὶ
912 2970 976 3040 οἱ
1017 2964 1230 3039 πάλαι
1273 2972 1346 3037 δὲ
1389 2964 1740 3056 γενόμενοι
1794 2973 1921 3038 τοῦ
1978 2973 2147 3038 θεοῦ
2206 2971 2562 3055 προφῆται
2620 2963 2751 3036 τὸν
2812 2961 3027 3036 αὐτὸν
3062 2986 3129 3040 '75

301 3076 366 3133 25
400 3064 758 3157 διαφόροις
817 3072 1076 3155 ἐτίμων
1133 3074 1538 3154 θεολογίαις.
1642 3062 1680 3138 ό
1741 3074 1864 3156 μὲν
1924 3066 2049 3156 γὰρ
2109 3061 2432 3137 ἀπεκάλει
2493 3062 2705 3136 αὐτὸν
2764 3072 3027 3151 πνεῦμα

401 3175 536 3240 τοῦ
576 3174 749 3238 θεοῦ
791 3173 1015 3255 λέγων
1066 3163 1513 3251 »ἐξελεύσεται
1557 3166 1801 3256 ὁαβδὸς
1831 3170 1905 3237 ἐκ
1936 3172 2057 3256 τῆς
2089 3168 2275 3256 ῥίζης
2303 3163 2528 3237 Ἰεσσαί
2576 3170 2622 3253 1,
2666 3172 2779 3235 καὶ
2808 3162 3027 3245 ἄνθος
3061 3178 3140 3233 97

401 3274 480 3339 ἐκ
528 3273 650 3357 τῆς
695 3269 882 3357 ῥίζης
923 3262 1348 3353 ἀναβήσεται,
1391 3272 1504 3337 καὶ
1547 3264 2099 3338 ἐπαναπαύσεται
2142 3260 2249 3336 ἐπ’
2312 3262 2527 3335 αὐτὸν
2585 3269 2847 3352 πνεῦμα
2902 3268 3027 3333 τοῦ

401 3374 606 3452 θεοῦ,
667 3373 928 3455 πνεῦμα
989 3371 1230 3451 σοφίας
1289 3372 1400 3435 καὶ
1463 3370 1826 3447 συνέσεως(
1893 3371 2006 3436 καὶ
2058 3365 2147 3437 τὰ
2200 3368 2363 3454 ἑξῆς.
2448 3370 2689 3450 σαφῶς.
2728 3363 2853 3451 γὰρ
2899 3362 3025 3433 τὸν

407 3471 522 3539 »ἐκ
564 3472 945 3556 σπέρματος
991 3468 1196 3535 Δαυὶδ
1236 3464 1414 3536 κατὰ
1458 3461 1704 3553 σάρκα«
1761 3471 1873 3535 καὶ
1917 3463 2045 3536 τὸν
2104 3462 2553 3553 ἐνοικῆσαντα
2606 3458 2793 3550 αὐτῷ
2856 3459 3025 3531 θεὸν

301 3576 368 3631 30
401 3563 614 3654 λόγον
658 3566 766 3638 διὰ
807 3562 1087 3637 τούτων
1131 3561 1390 3653 ἐδήλου.
1463 3566 1668 3635 ἔνθεν
1698 3558 1736 3635 o‘
1766 3574 1957 3646 θεῖος
2001 3559 2387 3646 ἀπόστολος
2416 3568 2589 3634 ποτὲ
2631 3567 2753 3649 μὲν
2798 3564 3025 3648 ἔλεγεν

407 3660 486 3736 »ὁ
533 3670 605 3735 δὲ
647 3662 876 3753 κύριος
922 3662 1002 3734 τὸ
1047 3659 1312 3751 πνεῦμά
1355 3668 1608 3747 ἐστινα,
1671 3669 1844 3735 ποτὲ
1888 3668 1961 3733 δὲ
2009 3662 2339 3751 »Χριστὸς
2382 3668 2553 3734 θεοῦ
2594 3659 2873 3749 δῦναμις
2916 3666 3027 3729 καὶ

402 3770 575 3835 θεοῦ
619 3772 884 3852 σοφίαι.
968 3769 1080 3834 καὶ
1129 3763 1355 3850 ἕτερος
1399 3767 1470 3832 δὲ
1515 3757 1764 3850 ὁμοίως
1824 3768 2087 3851 πνεῦμα
2148 3759 2360 3833 αῦτὸν
2422 3757 2755 3833 ἀποκαλεῖ
2805 3765 3028 3847 λέγων

413 3869 714 3953 »πνεῦμα
747 3860 926 3951 [πρὸ]
959 3861 1340 3949 προσώπου
1369 3858 1566 3951 ἡμῶν
1597 3861 1893 3947 Χριστὸς
1922 3861 2209 3948 κύριοςι.
2280 3868 2391 3931 καὶ
2420 3865 2495 3931 ἐν
2524 3867 2627 3949 τῷ
2662 3856 3023 3949 εὐαγγελίῳ

405 3970 478 4034 δὲ
509 3972 664 4052 περὶ
706 3958 919 4034 αὐτοῦ
962 3968 1197 4047 σαφῶς
1228 3964 1486 4049 εἴρηται
1520 3962 1707 4033 »ἰδοὺ
1737 3957 1775 4033 δ
1804 3981 1965 4045 παῖς
1994 3989 2127 4052 μου
2154 3954 2235 4031 ὃν
2264 3958 2556 4049 ᾑρέτισα,
2604 3954 2642 4030 0‘
2676 3955 3024 4047 ἀγαπητός

581 4185 613 4240 1
653 4184 767 4253 vgl.
803 4182 898 4237 Nr.
936 4186 982 4237 5.
1019 4184 1052 4237 6
1088 4210 1153 4220 —
1192 4180 1228 4235 5
1265 4180 1391 4239 Kol.
1433 4185 1476 4245 1,
1516 4184 1580 4237 15
1626 4212 1693 4222 —
1748 4183 1785 4239 8
1820 4183 1873 4237 II
1908 4182 2038 4237 Kor.
2072 4184 2123 4245 4,
2160 4184 2209 4238 3.
2242 4184 2293 4237 4.
2328 4182 2362 4237 6
2395 4211 2462 4219 -
2511 4180 2630 4236 151
2658 4178 2820 4233 Dent.
2856 4181 2905 4246 4,
2940 4180 3021 4234 35.

405 4286 492 4353 32,
527 4286 678 4353 39(‘?)
713 4314 782 4324 —
821 4284 896 4340 19
931 4284 1077 4337 Phil.
1113 4284 1162 4347 2,
1197 4282 1232 4337 6
1265 4312 1334 4322 -
1373 4283 1512 4339 19st
1539 4284 1662 4341 Kol.
1701 4287 1748 4345 1,
1786 4286 1853 4341 15
1887 4315 1953 4323 —
1989 4284 2069 4339 26
2103 4284 2210 4337 Jes.
2251 4285 2395 4351 11,1.
2436 4284 2469 4336 2
2502 4311 2569 4321 ——
2607 4281 2687 4337 29
2724 4280 2878 4335 Rom.
2916 4284 2963 4346 1,
2987 4280 3021 4333 3

403 4417 468 4427 -—
510 4386 583 4442 81
625 4386 678 4439 II
716 4385 845 4441 Kor.
883 4389 930 4453 3,
967 4389 1032 4440 17
1067 4415 1134 4425 ——
1168 4382 1194 4435 1
1233 4385 1362 4439 Kor.
1400 4388 1448 4448 1,
1484 4386 1550 4439 24
1585 4414 1652 4424 —
1692 4385 1770 4439 88
1807 4385 2025 4455 Klagel.
2061 4388 2110 4452 4,
2147 4386 2214 4439 20
2248 4414 2315 4423 —
2351 4383 2429 4441 34
2462 4382 2665 4437 Matth.
2702 4383 2785 4447 12,
2824 4382 2888 4437 18

579 4589 618 4644 4
651 4592 732 4660 τῷ
768 4604 806 4657 g
839 4585 906 4642 τὸ
945 4588 994 4641 V
1059 4588 1066 4653 Ι
1131 4582 1416 4658 ἁρμονίαν
1449 4585 1542 4639 Mo
1577 4587 1689 4656 vgl.
1728 4582 1945 4659 ἥρμοζε
1980 4584 2032 4639 Ζ.
2068 4587 2101 4640 5
2166 4587 2175 4653 Ι
2245 4586 2272 4640 7
2314 4578 2383 4641 ιε’
2416 4603 2473 4639 m
2535 4584 2546 4652 Ι
2609 4583 2687 4639 25
2724 4579 2931 4651 ἐτίμων
2965 4600 3019 4635 m

407 4689 769 4758 oeum'iwv
834 4688 843 4756 Ι
908 4688 1326 4759 83πρὸ<ιῃ
