3694 5582
735 517 852 577 140
1197 494 1204 502 ’
1922 507 2191 564 Eusebius

733 667 964 759 (αὐτὸς
985 671 1108 760 γὰρ
1129 663 1213 760 ἦν
1245 667 1286 762 ἧ
1310 677 1560 758 σοφία),
1581 667 1812 743 πάντα
1831 693 1942 743 σοι
1970 667 2295 760 εὕροήσει,
2316 667 2609 760 μηδενὸς
2634 674 2993 754 δυσσεβοῦς
3014 666 3354 760 νοήματος

733 773 1052 860 ἐμποδών
1095 773 1483 859 ἱσταμένου,
1528 775 2281 859 συνεπιμαρτυροῦντος
2325 775 2453 840 τοῦ
2494 764 2889 839 ἀποστόλου
2930 767 3235 854 Παύλου,
3282 762 3356 852 ὃς

733 869 860 943 τὸν
919 877 1198 961 σωτῆρα
1268 878 1380 941 καὶ
1440 867 1681 959 κύριον
1741 866 1939 960 ἡμῶν
1993 867 2243 958 Ἰησοῦν
2306 867 2611 957 Χριστὸν
2672 874 2947 961 λαμπρᾷ
3006 876 3092 958 τῇ
3155 875 3354 956 φωνῇ

733 977 982 1058 σοφίαν
1035 969 1389 1060 ὠνόμασεν
1450 971 1664 1041 είπών
1730 969 2064 1058 »Χριστὸς
2123 974 2295 1040 θεοῦ
2355 967 2633 1057 δύναμις
2692 975 2804 1038 καὶ
2860 974 3032 1039 θεοῦ
3093 976 3355 1055 σοφίαι.

663 1085 696 1136 5
734 1072 1008 1142 τούτων
1053 1063 1191 1141 ὧδέ
1229 1099 1325 1158 πη
1367 1075 2033 1159 κατεσκευασμένων,
2100 1063 2500 1141 ἀκόλουθόν
2557 1071 2743 1138 ἐστιν
2785 1065 2955 1156 μετὰ
2998 1073 3146 1139 τῶν
3190 1094 3354 1156 προ·
3390 1091 3425 1146 8

733 1175 1166 1241 εκτεθέντων
1237 1163 1572 1239 ἁπάντων
1651 1173 1720 1256 ἐξ
1791 1165 2003 1239 αὐτοῦ
2074 1174 2263 1258 (τοῦ)
2322 1166 2705 1255 προσώπου
2760 1175 2873 1238 καὶ
2936 1164 3015 1238 τὸ
3090 1165 3356 1256 »κύριος

731 1271 991 1340 ἔκτισέν
1029 1297 1109 1357 με
1154 1262 1365 1358 ἀρχὴν
1409 1261 1598 1338 ὁδῶν
1641 1265 1858 1339 αῦτοῦ
1902 1274 1997 1351 εἰς
2040 1273 2200 1357 ἔργα
2244 1264 2491 1339 αὐτοῦ(
2553 1273 2894 1354 λελέχθαι·
2956 1271 3015 1338 εἰ
3064 1272 3137 1337 δὲ
3179 1273 3354 1355 λέγει

731 1373 1041 1440 ἐκτίσθαι
1087 1365 1360 1452 ἑαυτόν,
1423 1364 1544 1456 οὐχ
1598 1365 1693 1449 αἶς
1747 1371 1822 1438 ἐκ
1868 1375 1996 1440 τοῦ
2036 1366 2139 1457 μὴ·
2192 1360 2396 1450 ὄντος
2421 1377 2429 1384 ’
2457 1371 2552 1450 εἰς
2611 1364 2694 1437 τὸ
2756 1365 2927 1438 εἶναι
2984 1365 3357 1454 παρελθὼν

731 1463 922 1539 τοῦτ’
967 1464 1052 1537 ἂν
1105 1472 1283 1539 εἴποι
1328 1463 1471 1537 οὐδ’
1517 1463 1616 1551 ὥς
1669 1461 1925 1556 ὁμοίως
1969 1485 2113 1548 τοῖς
2157 1477 2426 1548 λοιποῖς
2468 1473 2826 1553 κτίσμασιν
2876 1473 2989 1536 καὶ
3032 1461 3240 1547 αὐτὸς
3282 1469 3357 1536 ἐκ

630 1583 697 1638 10
732 1573 858 1641 τοῦ
899 1567 988 1658 μὴ
1035 1560 1243 1649 ὄντος
1300 1566 1630 1662 γεγονώς,
1687 1559 1752 1656 ᾖ
1783 1595 1969 1650 τινες
2028 1563 2153 1640 οῦκ
2214 1560 2467 1655 ὀρθῶς,
2506 1561 2987 1654 ὖπειλήφασιν,
3049 1560 3196 1637 ἀλλ’
3261 1561 3358 1646 ὥς

730 1664 1048 1754 ῦφεστώς
1089 1671 1211 1754 μὲν
1251 1673 1368 1736 καὶ
1423 1672 1596 1752 ζῶν,
1659 1667 1905 1754 προσόν
1968 1696 2045 1738 τε
2102 1674 2216 1738 καὶ
2256 1662 2721 1754 προῦπᾶρχων
2764 1670 2887 1754 τῆς
2929 1669 3056 1735 τοῦ
3097 1662 3357 1747 παντὸς

732 1765 990 1855 κόσμου
1032 1763 1434 1850 συστάσεως,
1501 1776 1512 1850 Ι
1579 1764 1807 1854 ἄρχειν
1850 1771 1961 1839 76*
2006 1771 2080 1837 δὲ
2123 1772 2273 1838 τῶν
2304 1757 2493 1837 ὅλων
2520 1761 2655 1836 &ab
2686 1763 2965 1854 κυρίου,’,
2990 1769 3117 1835 τοῦ
3146 1760 3357 1834 αὐτοῦ
3400 1769 3507 1827 151

731 1861 1012 1953 πατρός,
1056 1870 1664 1955 κατατεταγμένος,
1710 1871 1836 1939 τοῦ
1886 1867 2218 1936 »ἔκτισενι
2268 1868 2575 1937 ἐνταῦθα
2619 1860 2773 1936 ἀντὶ
2820 1869 2945 1935 τοῦ
2984 1870 3355 1949 κατέταξεν

735 1961 775 2055 ἢ
818 1971 1229 2055 κατέστησεν
1273 1970 1640 2054 εἰρημένου.
1725 1962 2097 2054 διαρρήδην
2138 1970 2306 2053 γοῦν
2350 1963 2511 2047 τούς
2554 1969 2631 2036 ἐν
2674 1960 3076 2052 ἀνθρώποις
3120 1961 3353 2050 ἄρχον·
3388 1970 3425 2024 9

629 2079 696 2134 15
734 2094 856 2148 τας
914 2073 1029 2136 καὶ
1088 2059 1418 2153 ἡγεμόνας
1467 2073 1689 2136 κτίσιν
1735 2060 2091 2153 ὠνόμασεν
2134 2058 2173 2134 ὅ
2216 2063 2435 2136 εἰπών
2479 2060 2869 2148 ἀπόστολος
2935 2059 3355 2150 »ὑποτάγητε

731 2163 912 2254 πάσῃ
957 2173 1172 2236 κτίσει
1217 2159 1622 2253 ἀνθρωπίνῃ
1675 2163 1782 2235 διὰ
1829 2161 1959 2234 τὸν
2000 2161 2264 2252 κύριον·
2326 2168 2461 2234 εἴτε
2503 2171 2762 2247 βασιλεῖ
2800 2160 2897 2246 ὥς
2937 2158 3351 2252 ὑπερέχοντι,

732 2270 865 2337 εἴτε
913 2261 1226 2354 ἡγεμόσιν
1271 2260 1368 2346 ὥς
1411 2260 1502 2334 δι’
1549 2260 1765 2334 αὐτοῦ
1805 2268 2321 2352 πεμπομένοιςι.
2390 2270 2504 2332 καὶ
2548 2257 2587 2334 ὁ
2619 2264 2833 2334 εἰπών
2877 2269 2951 2334 δὲ
2993 2259 3351 2351 προφήτης
3390 2275 3459 2328 10

737 2362 1136 2454 »ἓτοιμᾶζου
1178 2369 1306 2435 τοῦ
1348 2367 1814 2434 ἐπικαλεῖσθαι
1858 2361 1987 2434 τὸν
2028 2359 2203 2434 θεόν
2244 2385 2388 2447 σου,
2430 2357 2704 2451 Ἰσραήλ.
2789 2359 2967 2433 διότι
3019 2360 3169 2434 ἰδοὺ
3209 2384 3353 2432 στε-

729 2471 908 2552 ρεῶν
971 2462 1272 2551 βροντὴν
1328 2467 1443 2533 καὶ
1491 2471 1746 2549 κτίζων
1785 2469 2053 2552 πνεῦμα
2112 2469 2224 2535 καὶ
2286 2457 2721 2550 ἀναγγέλλων
2782 2467 2875 2544 εἰς
2936 2457 3355 2547 ἀνθρώπους

624 2574 694 2629 20
734 2562 863 2634 τὸν
908 2560 1210 2649 Χριστὸν
1257 2558 1504 2634 αῦτοῦι
1570 2569 1684 2633 καὶ
1727 2560 1808 2634 τὸ
1869 2559 2239 2651 »γραφὴτω
2284 2557 2458 2651 αῦτη
2502 2566 2597 2644 εἰς
2640 2560 2879 2649 γενεὰν
2924 2563 3184 2649 ἑτέραν,
3243 2567 3355 2630 καὶ

731 2660 894 2743 λαὸς
955 2657 994 2732 6
1055 2659 1452 2752 κτιςόμενος
1513 2667 1758 2734 αἰνέσει
1817 2660 1946 2734 τὸν
2004 2661 2276 2750 κύριον(
2345 2661 2429 2732 τὸ
2487 2669 2743 2747 κτίζων
2804 2657 2994 2750 <οῦκ>
3056 2666 3167 2733 ἐπὶ
3227 2666 3355 2732 τοῦ

729 2759 1097 2852 γεγονότος
1143 2765 1212 2847 ἐξ
1257 2757 1667 2851 ἇνυπαρξίας
1709 2768 2144 2851 παρείληφεν.
2229 2789 2313 2833 ου
2372 2759 2499 2851 γὰρ
2560 2758 2725 2834 τότε
2785 2763 3047 2833 ἔκτισεν
3099 2789 3138 2832 ο
3192 2759 3353 2843 θεὸς

729 2860 812 2932 τὸ
857 2867 1138 2947 πνεῦμα,
1187 2853 1304 2931 ὅτε
1335 2860 1462 2933 τὸν
1492 2860 1796 2950 Χριστὸν
1841 2858 2054 2933 αυτοῦ
2097 2855 2189 2932 δι
2233 2856 2450 2933 αῦτοῦ
2492 2867 2705 2934 πᾶσιν
2748 2858 3150 2950 ἀνθρώποις
3193 2890 3352 2931 κατ-

727 2959 1059 3052 ήγγειλεν·
1133 2956 1332 3032 οῦδὲν
1392 2959 1518 3049 γὰρ
1568 2959 2013 3049 »πρόσφατον
2054 2956 2191 3031 ὖπό
2236 2959 2365 3032 τὸν
2409 2957 2666 3051 ἥλιονι.
2750 2955 2901 3033 αλλ’
2948 2952 3034 3049 ἦν
3075 2967 3199 3049 μὲν
3241 2967 3353 3031 καὶ
3388 2975 3451 3027 11

622 3070 689 3125 25
726 3067 1182 3149 προϋπῆρχεν,
1230 3054 1682 3131 απεστέλλετο
1727 3064 1800 3129 δὲ
1841 3055 1999 3131 καθ’
2045 3054 2130 3131 ὃν
2170 3059 2413 3149 καιρὸν
2456 3084 2629 3149 ησαν
2672 3064 2738 3132 οι
2782 3056 3159 3132 ἀπόστολοι
3203 3082 3351 3131 συν-

729 3166 1030 3283 ηγμένοι·
1117 3187 1233 3231 οτε
1281 3164 1476 3246 δίκην
1519 3164 1815 3248 βροντῆς
1882 3163 2188 3247 »ἐγένετο
2241 3162 2404 3250 ηχος
2446 3164 2521 3231 ἐκ
2565 3166 2691 3231 τοῦ
2733 3156 3057 3249 οὐρανοῦ,
3120 3156 3351 3247 ὥσπερ

727 3266 1104 3349 φερομένης
1145 3264 1365 3348 πνοῆς
1408 3265 1685 3343 βιαίαςι,
1729 3257 2239 3349 ἐπληρωθησάν
2300 3288 2376 3331 τε
2438 3257 2857 3349 »πνεύματος
2917 3255 3179 3349 ἄγίουι,
3238 3268 3350 3330 καὶ

895 3479 1114 3536 5ff—S.
1154 3483 1269 3546 141,
1307 3482 1374 3534 14
1408 3480 1522 3550 vgl.
1559 3480 1810 3535 Socrates
1844 3479 1900 3533 h.
1936 3496 1982 3534 e.
2018 3480 2067 3543 2,
2103 3481 2195 3535 21:
2239 3480 2339 3534 καὶ
2383 3476 2446 3535 ἐν
2478 3480 2649 3553 τρίτῳ
2686 3478 2746 3536 δὲ
2780 3478 2815 3536 ὁ
2851 3478 3036 3545 αὐτός,
3071 3476 3348 3535 διδάσκων

723 3589 848 3647 πῶς
881 3582 973 3639 δεῖ
1001 3582 1068 3639 τὸ
1104 3582 1314 3651 κτίσμα
1349 3582 1452 3649 τὴν
1486 3578 1636 3648 λέξιν
1671 3576 2018 3650 ἐκδέχεσθαι,
2054 3578 2247 3637 τοιάδε
2274 3582 2467 3651 φησίν·
2504 3578 2727 3637 τούτων
2748 3580 2939 3637 τοίνυν
2974 3571 3085 3637 ὧδε
3102 3580 3345 3637 -κατέ·

721 3690 874 3750 ταξε,
913 3687 1152 3739 τοιαῦτα
1187 3680 1294 3749 μὲν
1330 3678 1362 3737 ὁ
1399 3680 1670 3753 Εὐσέβιος
1705 3679 1770 3737 ἐν
1801 3689 1925 3749 τοῖς
1958 3682 2105 3753 πρὸς
2138 3680 2482 3755 Μάρκελλον
2518 3680 2789 3749 διέξεισιν.
2824 3711 2892 3722 -
2930 3683 2969 3739 4
3004 3682 3029 3735 Ι
3065 3682 3194 3737 Kor.
3214 3684 3261 3745 1,
3281 3683 3348 3737 24

721 3814 787 3826 —
823 3786 861 3839 6
897 3784 1058 3839 Prov.
1093 3785 1144 3851 8,
1181 3786 1248 3837 22
1283 3812 1350 3822 -·
1389 3784 1466 3839 18
1501 3784 1661 3838 Prov.
1695 3785 1746 3848 8,
1781 3785 1852 3839 22
1885 3812 1950 3822 —
1992 3782 2065 3839 15
2102 3783 2129 3836 I
2162 3784 2281 3838 Pet„
2316 3784 2367 3851 2,
2403 3786 2485 3840 13.
2522 3786 2590 3839 14
2634 3812 2702 3825 -·
2760 3784 2834 3840 18
2871 3786 3042 3839 Amos
3074 3786 3124 3851 4,
3162 3784 3243 3839 12.
3282 3785 3345 3838 13

717 3915 786 3925 —-
824 3886 904 3941 20
941 3887 1028 3940 Ps.
1067 3886 1184 3951 101,
1220 3887 1287 3939 19
1323 3915 1388 3925 —
1426 3885 1506 3941 24
1542 3884 1806 3954 Prodiger
1842 3887 1889 3950 1,
1926 3886 1959 3938 9
1992 3914 2059 3924 —
2098 3885 2174 3941 28
2206 3886 2333 3939 Aefi-
2370 3886 2419 3951 2,
2454 3886 2504 3941 2.
2538 3888 2575 3940 4

887 4086 924 4142 5
961 4082 1198 4154 τούτων]
1237 4091 1301 4149 -1-
1337 4086 1528 4140 τοίνυν
1561 4084 1709 4140 Socr.
1773 4086 1784 4153 Ι
1847 4074 1959 4141 ὧδε
1996 4080 2699 4154 ἐπικατασκευαζομένων
2734 4086 2881 4141 Socr-
2917 4084 3057 4155 (cod.
3093 4085 3258 4141 Sfort.
3276 4110 3343 4129 =

715 4186 933 4255 Euseb.)
999 4188 1006 4254 Ι
1069 4188 1107 4243 fl
1151 4181 1600 4257 ἐξ-προσὼπον
1636 4195 1702 4246 <
1737 4187 1881 4242 Soet.
1946 4187 1955 4255 1
2018 4192 2123 4242 τοῦ
2165 4188 2254 4241 fib.
2292 4187 2343 4240 d.
2380 4186 2432 4241 Ζ.
2469 4188 2547 4242 V²
2597 4190 2606 4256 Ι
2666 4188 2695 4244 7
2747 4186 2900 4257 λέγει
2934 4188 3079 4242 Soor.
3112 4184 3339 4257 λέγοιῩ

719 4292 724 4358 ,ἰ
765 4290 803 4345 9
838 4290 1015 4345 ταῦτα
1053 4289 1197 4343 Socr.
1261 4290 1272 4357 1
1337 4286 1554 4355 ὁμοίως
1588 4290 1732 4343 nach
1769 4282 1936 4355 ὄντος
1970 4290 2113 4345 Socr.
2180 4292 2189 4356 Ι
2258 4289 2335 4344 10
2389 4286 2423 4357 ἢ
2458 4288 2557 4357 V*,
2594 4306 2731 4346 corr.
2766 4289 2869 4354 V²;
2906 4286 2938 4344 ὃ
2976 4290 3120 4345 Socr.
3186 4290 3197 4357 Ι
3262 4289 3337 4344 12

711 4386 842 4460 ὑπὸ]
890 4397 955 4454 -1-
1007 4397 1113 4446 τοῦ
1159 4390 1306 4446 Soer.
1371 4390 1382 4457 Ι
1446 4384 1654 4446 ἑαυτοῦ
1703 4388 1847 4445 Socr.
1914 4390 1923 4457 Ι
1989 4390 2067 4446 14
2106 4382 2208 4445 οὖν
2252 4390 2401 4447 Soet.
2466 4394 2476 4461 Ι
2542 4391 2664 4449 141
2690 4388 3012 4461 ὑποτάγητε
3048 4382 3153 4446 οὖν
3184 4387 3337 4457 πάσῃ

713 4489 1047 4563 ἀνθρωπίνῃ
1079 4492 1259 4548 κτίσει
1293 4492 1438 4545 Socr.
1487 4492 1497 4559 1
1548 4491 1772 4547 20—21
1809 4490 2201 4562 xa21—2150a0v
2232 4502 2301 4553 <
2336 4494 2502 4561 Soet„
2538 4493 2823 4550 vielleioht
2858 4492 2959 4547 mit
2992 4492 3171 4548 Reoht
3207 4492 3217 4561 Ι
3260 4492 3331 4547 21

713 4592 816 4651 οὐκ
860 4594 1006 4649 Socr.
1069 4595 1080 4662 1
1152 4588 1262 4662 ἐπὶ]
1317 4588 1383 4648 ἐκ
1434 4592 1580 4648 Socr.
1647 4594 1657 4661 Ι
1723 4594 1802 4649 28
1865 4585 1935 4647 δι’
1986 4590 2163 4649 αὐτοῦ
2206 4604 2273 4654 <
2324 4594 2470 4649 δοοτ.
2525 4594 2703 4664 (m‘cht
2734 4593 2983 4664 Niceph.)
3050 4594 3059 4661 Ι
3125 4594 3201 4650 27
3255 4591 3335 4660 τε]

709 4692 770 4749 δὲ
804 4694 950 4750 Sber.
