3694 5582
611 539 692 602 68
1781 533 2050 588 Eusebius

613 701 741 767 τοῦ
783 703 932 768 τῶν
977 689 1168 769 ολων
1209 703 1380 768 θεοῦ
1421 695 1684 786 ταύτην
1727 691 1918 788 αυτῷ
1958 693 2089 785 τὴν
2120 701 2495 784 μαρτυρίαν
2523 697 3059 783 παρασχομένου,
3104 697 3234 764 τοῦ

615 823 692 866 τε
737 791 1210 884 εὐαγγελιστοῦ
1255 795 1622 887 διαρρήδην
1681 794 1899 868 αὐτὸν
1956 794 2110 867 υἱὸν
2158 799 2497 885 μονογενῆ
2558 794 2729 866 εἶναι
2790 789 3232 876 διδάσκοντος

612 891 704 966 δι’
753 886 856 965 ὦν
897 897 1028 986 ἔφη
1077 895 1282 967 »θεὸν
1325 893 1542 980 οὐδεὶς
1586 897 1886 985 ἑώρακεν
1928 894 2241 967 πώποτε·
2313 889 2353 966 6
2395 893 2770 984 μονογενὴς
2796 893 2944 976 υἱὸς
2974 888 3043 981 (ἢ
3079 920 3231 981 »μο-

611 993 896 1084 νογενὴς
939 993 1170 1084 θεὸςα)
1215 991 1253 1066 6
1297 989 1402 1067 ὢν
1431 1001 1524 1078 εἰς
1554 995 1682 1068 τὸν
1708 992 1978 1068 κόλπον
2006 1001 2135 1068 τοῦ
2176 995 2458 1082 πατρός,
2502 998 2758 1076 ἐκεῖνος
2795 990 3231 1083 ἐξηγήσατω,

543 1107 576 1160 5
613 1091 787 1167 ἀλλὰ
829 1102 941 1165 καὶ
985 1093 1197 1167 αὐτοῦ
1239 1102 1366 1167 τοῦ
1409 1102 1722 1184 σωτῆρος
1773 1099 1850 1166 ἐν
1892 1113 2043 1176 ταῖς
2084 1099 2239 1180 περὶ
2284 1090 2498 1166 αῦτοῦ
2540 1097 2995 1176 διδασκαλίαις
3037 1089 3230 1163 ταῦτ’

611 1199 1288 1285 ἐπισφραγιζομένου,
1355 1191 1448 1266 δι’
1511 1187 1613 1266 ὦν
1655 1197 1881 1282 ἔλεγεν
1942 1188 2202 1275 »οὕτως
2253 1192 2381 1282 γὰρ
2424 1189 2773 1284 η’γαπησεν
2816 1187 2855 1263 6
2898 1189 3063 1274 θεὸς
3106 1191 3233 1263 τὸν

610 1289 886 1381 κόσμον,
931 1291 1110 1366 ὥστε
1154 1292 1284 1366 τὸν
1321 1294 1475 1367 υἱὸν
1517 1290 1730 1366 αὐτοῦ
1773 1293 1904 1366 τὸν
1943 1300 2283 1384 μονογενῆ
2326 1295 2611 1378 ἔδωκεν,
2674 1296 2785 1363 ἵνα
2845 1299 2980 1374 πᾶς
3040 1287 3079 1362 6
3128 1319 3231 1361 πι-

612 1391 878 1465 στεύων
938 1395 1030 1478 εἰς
1091 1390 1304 1466 αὐτὸν
1359 1397 1472 1483 ἔχῃ
1519 1393 1708 1484 ζωὴν
1749 1393 2095 1477 αἰοόνιονε,
2160 1387 2198 1464 6
2244 1391 2411 1482 μετὰ
2454 1390 2708 1474 ταύτας
2760 1401 2771 1476 Ι
2826 1389 2948 1475 τὰς
2992 1389 3231 1479 φωνὰς
3298 1401 3477 1470 6168

611 1492 904 1583 γενητὸν
955 1497 1026 1579 ἐξ
1087 1490 1211 1564 οῦκ
1280 1486 1516 1566 ὄντων
1583 1499 1696 1564 καὶ
1751 1501 1997 1582 κτίσμα
2055 1499 2493 1582 προηγμένον
2552 1493 2627 1562 ἐκ
2685 1497 2815 1563 τοῦ
2875 1491 2964 1582 μὴ
3028 1484 3233 1574 ὄντος

509 1607 578 1660 10
610 1593 738 1665 τὸν
780 1592 932 1664 υἱὸν
976 1587 1365 1682 ὁριζόμενος
1417 1601 1710 1682 λέληθεν
1751 1583 2057 1681 τοῦνομα
2108 1597 2231 1679 μὲν
2274 1589 2465 1682 αὐτῷ
2508 1589 2727 1680 μόνον
2776 1586 3229 1681 χαριζόμενος,

610 1691 693 1764 τὸ
738 1688 806 1762 δ’
853 1688 1133 1782 ἀληθῶς
1175 1691 1328 1764 υἱὸν
1371 1691 1542 1762 εἶναι
1585 1688 2021 1781 αρνούμενος.
2106 1686 2145 1763 6
2189 1689 2316 1782 γὰρ
2360 1695 2431 1777 ἐξ
2481 1686 2608 1761 οῦκ
2651 1718 2884 1762 οντων
2929 1692 3230 1780 γεγονώς

611 1787 734 1862 οὐκ
795 1787 924 1877 [αν]
990 1787 1277 1880 ἀληθῶς
1337 1787 1582 1880 γένοιτ’
1636 1788 1738 1864 ἂν
1764 1789 1911 1874 υἱὸς
1954 1796 2155 1876 θεοῦ,
2200 1819 2313 1863 οτι
2354 1796 2519 1880 μηδὲ
2564 1789 2737 1889 αλλρ
2781 1819 2851 1860 τι
2894 1798 3043 1906 τῷν
3084 1817 3229 1880 γεν-

609 1920 648 1962 ν
699 1897 858 1962 τῶν.

597 2043 607 2048 -
649 1919 692 1980 η
776 1995 858 2063 10
899 1985 936 2061 6
982 1985 1048 2061 ‹5'
1092 1965 1376 2080 ἀληθῶς
1419 1988 1562 2073 υἱὸς
1605 1997 1732 2062 τοῦ
1775 1996 1965 2074 θεοῦ,
2012 1993 2082 2076 ἐξ
2126 1985 2340 2061 αὐτοῦ
2384 1981 2507 2061 ὅτε
2537 1987 2618 2079 δὴ
2650 1991 2725 2059 ἐκ
2753 1985 3017 2077 πατρὸς
3060 1985 3226 2060 ἇπο-
3262 2000 3352 2062 ὅτι
3418 2008 3607 2074 μόνος

507 2103 571 2155 15
608 2095 898 2178 τεχθείς,
963 2085 1249 2172 εἰκότως
1307 2095 1419 2161 καὶ
1476 2089 1849 2180 μονογενὴς
1898 2097 2011 2163 καὶ
2066 2085 2417 2178 ἀγαπητὸς
2458 2096 2923 2178 χρηματίσειεν
2970 2085 3057 2161 ἀν
3101 2094 3227 2160 τοῦ
3196 2070 3463 2212 ’ἐκὸωυ
3496 2094 3602 2132 ⁷⁶¹²

607 2185 894 2277 πατρός·
969 2182 1155 2260 οὕτω
1199 2194 1270 2260 δὲ
1313 2197 1426 2260 καὶ
1467 2189 1632 2273 θεὸς
1677 2186 1763 2261 ἂν
1808 2194 1926 2279 εἴη.
1996 2197 2065 2260 τί
2107 2189 2233 2280 γὰρ
2278 2185 2363 2261 ἂν
2402 2193 2673 2277 γένοιτο
2716 2193 2889 2259 θεοῦ
2931 2194 3225 2277 γέννημα
3258 2161 3601 2332 {2⁶2⁷}-

607 2283 684 2376 <ἢ
729 2288 844 2378 τὸ)
888 2293 989 2378 τῷ
1036 2287 1468 2378 γεγεννηκότι
1511 2285 2091 2379 αφωμοιωμένον,·
2132 2295 2343 2376 κτίζει
2376 2293 2503 2377 μὲν
2532 2279 2657 2359 οῦν
2685 2287 2991 2372 βασιλεὺς
3016 2284 3225 2361 πόλιν
3258 2295 3445 2400 ’(839
3503 2281 3603 2400 κῗὶ

609 2382 755 2459 αλλ’
801 2384 884 2459 οῦ
925 2393 1130 2481 γεννᾷ
1167 2383 1390 2472 πόλιν,
1437 2394 1686 2476 γεννᾶν
1729 2395 1802 2460 δὲ
1842 2386 1995 2460 υἱὸν
2036 2383 2188 2462 αλλ’
2230 2384 2313 2459 οῦ
2355 2395 2608 2473 κτίζειν
2651 2392 2943 2478 λέγεται·
2985 2393 3098 2510 καὶ>
3140 2383 3221 2474 [6]
3256 2365 3583 2498 nomme

607 2493 915 2576 τεχνίτης
975 2487 1376 2578 δημιουργὸς
1439 2485 1584 2560 ἀλλ’
1649 2485 1796 2577 οὐχὶ
1855 2488 2084 2578 πατὴρ
2145 2483 2395 2577 γένοιτ’
2448 2515 2575 2559 αν
2594 2493 2722 2559 τοῦ
2777 2485 2955 2576 πρὸς
3012 2484 3225 2559 αῦτοῦ
3258 2476 3603 2613 ἓιέτῖμέἴὲἓ

503 2599 570 2655 20
606 2590 1242 2677 δημιουργουμένου,
1305 2592 1434 2659 τοῦ
1493 2584 1558 2660 δ’
1621 2593 1693 2672 ἐξ
1745 2584 1959 2659 αὐτοῦ
2012 2586 2273 2675 φύντος
2324 2591 2479 2660 υἱοῦ
2521 2583 2647 2658 οῦκ
2690 2615 2776 2658 αν
2818 2587 3221 2677 δημιουργὸς
3334 2633 3525 2688 (marm,

605 2690 898 2776 λεχθείη.
982 2691 1094 2756 καὶ
1147 2687 1230 2777 δὴ
1272 2696 1384 2759 καὶ
1437 2682 1476 2759 6
1519 2695 1668 2759 τῶν
1713 2681 1901 2760 ὅλων
1944 2687 2109 2769 θεὸς
2163 2693 2289 2758 τοῦ
2331 2692 2455 2776 μὲν
2494 2690 2647 2758 υἱοῦ
2686 2683 2936 2776 πατήρ,
2980 2692 3109 2760 τοῦ
3152 2691 3220 2755 δὲ

601 2780 856 2874 κόσμου
907 2794 1184 2876 κτίστης
1236 2816 1322 2859 αν
1373 2783 1653 2871 εἰκότως
1703 2796 1818 2859 καὶ
1877 2785 2168 2877 ποιητὴς
2229 2791 2516 2877 λέγοιτο
2604 2789 2663 2857 εἰ
2722 2781 2789 2856 δ’
2846 2777 3027 2873 ἅπαξ
3082 2814 3223 2857 που
3290 2802 3325 2857 2

602 2892 726 2973 τῆς
770 2892 1034 2976 γραφῆς
1077 2884 1366 2975 ευρίσκοι
1410 2916 1514 2971 τις
1569 2894 1919 2978 εἰρημένον
1978 2884 2244 2976 »κύριος
2303 2888 2565 2959 εκτισέν
2625 2914 2705 2987 με
2761 2881 2974 2976 ἀρχὴν
3034 2881 3220 2957 ὁδῶν

601 2980 813 3055 αυτοῦ
877 2992 970 3067 εἰς
1031 2988 1192 3075 εργα
1251 2983 1531 3073 αῦτοῦι,
1592 2985 1720 3058 τὸν
1780 2993 1951 3058 νοῦν
2010 2992 2403 3059 ἐπισκοπεῖν
2459 2985 2587 3075 χρὴ
2650 2992 2777 3058 τοῦ
2837 2982 3075 3105 λόγου,
3138 2979 3221 3057 ὃν

497 3096 564 3149 25
599 3081 840 3172 μικρὸν
883 3078 1173 3173 ὕστερον
1217 3082 1608 3175 ἐκθήσομαι,
1655 3084 1828 3159 ἀλλὰ
1870 3086 1960 3177 μὴ
2004 3086 2179 3157 κατὰ
2210 3084 2619 3173 Μάρκελλον
2663 3090 2738 3157 ἐκ
2778 3090 2933 3174 μιᾶς
2973 3090 3217 3171 λέξεως

600 3181 682 3253 τὸ
743 3184 1173 3271 κυριώτατον
1235 3192 1357 3275 τῆς
1415 3189 1769 3305 ἐκκλησίας
1828 3181 2319 3275 παρασαλεῦειν
2389 3182 2622 3275 δόγμα.
2721 3180 3031 3266 κάκεῖνος
3090 3182 3213 3273 γὰρ

599 3276 780 3370 ἅπαξ
822 3278 1114 3367 ἀκούσας
1159 3281 1371 3375 λόγον
1415 3286 1585 3357 εἶναι
1629 3282 1756 3356 τὸν
1796 3280 1976 3370 υἱόν,
2038 3289 2149 3357 ἐπὶ
2203 3284 2332 3356 τὸν
2382 3284 2765 3375 ἄνθρωπον
2805 3283 3215 3356 καταπεσών

597 3382 726 3471 τὴν
769 3378 1058 3472 ὕπαρξιν
1110 3381 1345 3475 ἧθέτει
1405 3382 1631 3457 αὐτοῦ.
1720 3378 1802 3455 ὃν
1863 3382 1947 3474 δὴ
2005 3390 2117 3455 καὶ
2174 3382 2349 3473 πρὸς
2408 3381 2623 3456 αὐτοῦ
2680 3390 2794 3455 καὶ
2852 3380 3025 3471 πρὸς
3086 3388 3210 3453 τοῦ
3282 3406 3317 3458 3

595 3481 858 3572 πατρὸς
898 3482 1454 3575 μαρτυρούμενον
1495 3486 1666 3556 εἶναι
1705 3480 1858 3555 υιὸν
1900 3491 2051 3566 πῶς
2110 3501 2259 3565 τοῖς
2317 3495 2589 3566 λοιποῖς
2639 3500 2953 3572 γενητοῖς
2996 3510 3213 3571 παρα-

493 3590 561 3645 30
595 3580 870 3665 βάλλειν
915 3576 1144 3663 6'6t0v,·
1203 3590 1356 3669 πῶς
1398 3580 1465 3655 δ’
1512 3588 1697 3654 ε’σται
1746 3581 2124 3672 μονογενὴς
2176 3590 2279 3672 τῷ
2334 3581 2589 3673 πλήθει
2633 3590 2782 3653 τῶν
2823 3580 3213 3671 γεγονότων

595 3681 1244 3773 συναριθμούμενος;
1313 3691 1422 3753 καὶ
1483 3682 1618 3771 μὴν
1679 3688 1749 3769 ἐξ
1809 3678 2018 3771 αὐτῆς
2079 3689 2202 3772 τῆς
2260 3690 2719 3771 προσηγορίας
2781 3676 2820 3752 6
2880 3678 3026 3763 υἱὸς
3085 3680 3214 3770 τὴν

760 3904 794 3957 3
829 3902 952 3957 Joh.
991 3906 1036 3967 1,
1075 3904 1142 3958 18
1183 3933 1250 3942 -
1303 3904 1342 3959 6
1377 3902 1501 3958 Joh.
1538 3904 1586 3970 3,
1626 3904 1690 3957 16
1723 3932 1791 3941 —-
1845 3901 2035 3959 8—26
2080 3902 2191 3971 vgl.
2228 3904 2481 3957 Socrates
2523 3902 2577 3956 h.
2614 3918 2663 3955 e.
2697 3902 2745 3967 2,
2782 3904 2873 3957 21:
2918 3894 3043 3958 εἶτα
3078 3900 3211 3969 (ng-

591 4004 641 4057 S.
679 4006 760 4069 67,
797 4004 986 4073 2—10)
1038 3999 1159 4073 μετ’
1197 4001 1361 4075 ὀλίγα
1397 4000 1567 4059 πάλιν
1603 4000 1883 4074 ἐπιφέρει·
1944 3998 1977 4057 6
2022 4004 2213 4059 τοίνυν
2248 4001 2521 4073 γεννητὸν
2557 3998 2620 4069 ἐξ
2651 4032 2720 4041 -
2754 4001 2957 4073 δόγμα.
3010 4030 3078 4041 —-
3133 4000 3211 4056 28

590 4105 751 4159 Prov.
786 4106 836 4167 8,
872 4106 940 4158 22
985 4136 1051 4145 —
1109 4106 1186 4162 25
1224 4106 1336 4175 vgl.
1373 4106 1442 4161 de
1477 4104 1610 4161 eccl.
1647 4106 1723 4159 th.
1771 4105 1865 4173 111,
1902 4104 1949 4167 2,
1984 4105 2157 4160 8-16

763 4306 802 4361 8
853 4304 890 4375 ἢ
931 4308 1250 4375 μονογενὴς
1300 4304 1439 4370 θεὸς
1491 4307 1584 4359 str.
1637 4305 1730 4360 Mo
1812 4304 1821 4373 Ι
1904 4304 1942 4359 9
1984 4304 2424 4376 προηγούμενον
2476 4306 2621 4361 Soet.
2676 4304 2686 4371 Ι
2755 4305 2828 4360 11
2883 4300 3006 4369 υἱὸς
3063 4305 3208 4358 Socr.

597 4408 603 4475 Ι
676 4406 750 4461 12
810 4400 908 4462 ἔὶνι
942 4416 1009 4465 <
1044 4406 1189 4462 Socr.
1243 4409 1252 4474 Ι
1304 4404 1444 4475 υἱὸς]
1483 4413 1546 4470 -Ι-
1582 4413 1686 4461 τοῦ
1728 4405 1873 4461 Socr.
1928 4407 1937 4473 Ι
1989 4412 2241 4476 γενητῶν
2285 4406 2433 4461 Socr.
2486 4408 2496 4475 Ι
2551 4406 2629 4462 14
2666 4402 2729 4472 ἐξ
2762 4402 2938 4461 αὐτοῦ
2982 4398 3083 4461 ἅτε
3123 4402 3209 4474 δὴ]

598 4504 630 4561 ὁ
671 4504 733 4573 ἐξ
769 4504 944 4565 αἰτοῦ
977 4504 1058 4574 ὥς
1093 4500 1194 4564 ἅτε
1229 4508 1375 4563 Soet.
1429 4510 1438 4575 Ι
1497 4508 1570 4563 15
1607 4504 1861 4577 εἰκότως]
1899 4516 1963 4573 -Ι-
2010 4503 2081 4563 ἂν
2118 4508 2262 4563 Socr.
2316 4508 2329 4575 Ι
2379 4502 2452 4563 ἂν
2487 4516 2555 4567 <
2588 4508 2735 4562 Soor.
2788 4508 2798 4575 Ι
2855 4508 2929 4563 16
2960 4504 3207 4578 γένοιτο]

593 4611 692 4664 καὶ
728 4610 870 4664 Soet.
925 4611 933 4675 Ι
989 4612 1060 4665 17
1103 4607 1138 4679 ἢ
1174 4608 1239 4665 τὸ
1276 4611 1420 4665 Soet.
1451 4611 1460 4676 Ι
1512 4609 1586 4665 18
1633 4604 1666 4662 6
1703 4618 1770 4669 <
1805 4610 1950 4665 Soor.
2006 4609 2014 4677 Ι
2072 4610 2148 4665 19
2207 4607 2273 4666 οὐ
2308 4610 2452 4664 Socr-
2506 4610 2517 4678 Ι
2570 4606 2747 4665 αὐτοῦ
2778 4608 2924 4665 Soer.
2960 4604 3131 4665 αὐτὸν
3156 4608 3209 4661 V

602 4712 606 4778 ζ
667 4712 746 4767 28
781 4708 1032 4783 εὑρίσκοι
1068 4711 1212 4766 Soor.
1251 4706 1496 4782 εὑρίσκει
1533 4712 1582 4765 V
1635 4711 1643 4779 Ι
1695 4708 2019 4783 εἰρημένον]
2066 4714 2125 4779 -Ι-
2169 4710 2235 4765 τὸ
2272 4710 2420 4765 Socr.
