3694 5582
1327 433 1432 491 Dio
1465 434 1797 505 Fragmonize
1829 434 2105 492 Marcelle.
2907 443 3017 504 191

577 600 671 653 Nr.
710 600 775 653 37
812 599 914 668 (Re
949 602 1036 669 32)
1092 599 1196 657 οὐκ
1247 599 1611 672 εὐαγγελικῆς
1661 598 2107 671 ὑπομιμνήσκων
2160 602 2519 667 διδασκαλίας
2569 596 2722 659 ταῦτ’
2772 597 3026 674 ἔγραψεν

404 685 708 749 Παυλῖνος,
745 680 1051 755 ὁμολογῶν
1086 684 1146 742 δὲ
1180 682 1408 752 ἐνίους
1441 686 1568 755 μὲν
1601 683 1718 757 ἀφ’
1754 682 2019 743 ἑαυτῶν
2063 681 2236 743 οὕτω
2271 690 2650 752 κινεῖσθαι,
2696 685 2923 751 ἐνίους
2956 686 3022 743 δὲ

405 766 481 825 ἐκ
515 773 650 823 τῶν
693 766 1265 839 ἀναγνωσμάτων
1317 776 1449 825 τῶν
1494 770 2021 843 προειρημένων
2057 768 2323 845 ἀνδρῶν
2376 779 2623 826 τοῦτον
2658 768 2871 841 ἦχθαι
2905 770 3023 827 τὸν

402 853 686 924 τρόπον.
767 848 891 909 εἶτα
942 852 1128 921 τέλος,
1180 848 1376 923 ὥσπερ
1427 853 1554 910 τινὰ
1606 856 1891 927 κορωνίδα
1941 860 2042 924 τῆς
2094 852 2437 922 ἀποδείξεως
2486 852 2741 924 ἐπάγων,
2796 853 2859 911 ἐκ
2909 862 3024 911 τῶν

331 935 364 985 5
405 932 728 1010 Ὠριγένους
779 937 968 1009 ῥητῶν
1019 944 1087 1008 τῇ
1131 934 1336 994 ἑαυτοῦ
1387 934 1720 1011 ὑπέγραψεν
1773 937 2069 1009 ἐπιστολῇ,
2118 935 2199 1004 ὥς
2231 942 2449 1008 μᾶλλον
2484 946 2675 995 πεῖσαι
2710 939 3024 1008 δυναμένου

401 1022 564 1094 παρὰ
617 1022 750 1087 τοὺς
791 1020 1194 1093 εὖαγγελιστᾰς
1235 1026 1334 1078 καὶ
1367 1023 1500 1087 τοὺς
1533 1020 1907 1088 ἀποστόλους.
1980 1020 2131 1080 ἔστιν
2184 1023 2243 1080 δὲ
2294 1024 2365 1079 τὰ
2419 1022 2563 1095 ῥητὰ
2614 1028 2819 1079 ταῦτα·
2877 1018 3023 1095 ὥρα

401 1104 946 1178 ἐπαναλαβόντα
981 1110 1141 1179 περὶ
1175 1106 1438 1177 πατρὸς
1471 1110 1587 1163 καὶ
1621 1104 1772 1163 υἱοῦ
1805 1110 1921 1165 καὶ
1957 1104 2159 1179 ἁγίου
2195 1107 2612 1176 πνεύματος,
2652 1105 2853 1178 ὀλίγα
2890 1114 3023 1163 τῶν

400 1191 566 1247 τότε
622 1189 1290 1264 παραλελειμμένων
1343 1193 1754 1258 διεξελθεῖν·
1815 1194 1975 1263 περὶ
2026 1192 2288 1265 πατρὸς
2340 1187 2429 1257 ὣς
2480 1190 2877 1260 ἀδιαίρετος
2930 1186 3023 1247 ὢν

397 1276 521 1330 καὶ
555 1271 937 1345 ἀμέριστος
969 1272 1124 1331 υὶοῦ
1159 1277 1479 1346 γίγνεται
1512 1279 1761 1349 πατήρ,
1811 1275 1887 1331 οὗ
1930 1274 2305 1349 προβαλὼν
2342 1274 2577 1341 αὐτόν,
2626 1272 2714 1340 ὼς
2749 1271 3024 1331 οἴονταί

293 1358 362 1411 10
395 1377 600 1423 τινες.
671 1356 736 1414 εί
789 1358 919 1430 γὰρ
978 1358 1344 1431 πρόβλημά
1405 1358 1591 1416 ἐστιν
1651 1358 1684 1414 ὁ
1743 1358 1891 1426 υἱὸς
1948 1368 2069 1417 τοῦ
2122 1362 2384 1431 πατρὸς
2433 1364 2549 1417 καὶ
2602 1360 2906 1430 γέννημα
2954 1357 3025 1426 ἐξ

397 1442 640 1511 αὑτοῦ,
678 1441 889 1499 ὁποῖα
924 1443 1004 1500 τὰ
1037 1450 1174 1499 τῶν
1209 1437 1400 1519 ζῴων
1435 1446 1865 1516 γεννήμαζτα,
1917 1442 2185 1516 ἀνάγκη
2240 1452 2429 1513 σῶμα
2475 1440 2660 1501 εἶναι
2702 1444 2822 1500 τὸν
2858 1462 3019 1517 προ-

393 1528 712 1601 βαλόντα
751 1528 1021 1584 καὶτὸν
1056 1529 1645 1601 προβεβλημένον.

571 1730 668 1783 Nr.
705 1732 772 1786 38
809 1731 909 1798 (Re
945 1732 1032 1798 32)
1069 1738 1248 1786 ταῦτα
1285 1724 1571 1803 Ὠριγένης
1606 1732 1918 1803 γέγραφεν,
1954 1733 2031 1800 μὴ
2068 1729 2226 1801 παρὰ
2261 1734 2376 1784 τῶν
2412 1728 2581 1802 ἱερῶν
2618 1738 2925 1802 προφητῶν
2960 1750 3021 1787 τε

392 1815 500 1870 καὶ
553 1812 893 1870 ἀποστόλων
947 1817 1079 1888 περὶ
1129 1821 1228 1882 τῆς
1279 1813 1594 1885 ἀιδιότητος
1645 1824 1748 1871 τοῦ
1799 1816 1976 1885 λόγου
2026 1819 2238 1884 μαθεῖν
2288 1815 2611 1886 βουληθείς,
2664 1810 2789 1871 ἀλλ’
2840 1811 3021 1889 ἑαυτῷ

292 1897 356 1949 15
393 1895 666 1963 δεδωκὼς
701 1902 902 1954 πλεῖον
936 1900 1202 1971 δευτέραν
1239 1894 1515 1956 ὑπόθεσιν
1551 1901 1927 1971 διηγήσασθαι
1961 1907 2063 1955 τοῦ
2096 1898 2274 1968 λόγου
2307 1897 2495 1969 μάτην
2528 1904 2727 1975 τολμᾷ.

573 2100 671 2153 Nr.
709 2102 776 2155 39
813 2097 916 2167 (Re
949 2100 1038 2168 32)
1093 2094 1181 2156 ὅτι
1231 2101 1304 2157 τὰ
1355 2108 1591 2156 τοιαῦτα
1645 2098 1885 2173 γράφων
1920 2094 2207 2173 Ὠριγένης
2258 2097 2417 2165 ἰδίοις
2469 2097 2672 2172 ἐχρῆτο
2727 2100 3016 2171 δόγμασιν,

392 2188 572 2253 δῆλον
627 2177 729 2253 ἀφ’
763 2175 846 2239 ὧν
888 2185 987 2239 καὶ
1031 2183 1102 2241 τὰ
1137 2180 1340 2241 ἑαυτοῦ
1375 2181 1680 2256 ἀνατρέπει
1714 2183 2001 2249 πολλάκις.
2071 2180 2134 2239 ἐν
2186 2190 2326 2253 γοῦν
2377 2179 2553 2258 ἑτέρῳ
2604 2186 2797 2259 χωρίῳ
2850 2180 3015 2241 ἅτινα

391 2271 536 2341 περὶ
569 2273 715 2324 θεοῦ
749 2266 917 2337 λέγει,
953 2265 1278 2329 ἀκόλουθόν,
1314 2266 1465 2324 ἐστιν
1499 2260 1838 2337 ὑπομνῆσαι.
1910 2266 2118 2340 γράφει
2154 2268 2214 2324 δὲ
2249 2262 2452 2333 οὕτως·
2506 2267 2585 2325 οὐ
2619 2269 2748 2341 γὰρ
2786 2267 2819 2323 ό
2853 2270 3020 2335 θεὸς

388 2354 626 2421 πατὴρ
663 2345 848 2408 εἶναι
883 2348 1142 2424 ἤρξατο
1177 2353 1648 2422 κωλυόμενος,
1687 2347 1776 2418 ὥς
1812 2350 1876 2407 02
1910 2353 2275 2423 γινόμενοι
2311 2351 2607 2424 πατέρες
2630 2349 3017 2425 ἄνθρωποι,

287 2441 354 2492 20
387 2434 529 2494 ὑπὸ
563 2444 685 2493 τοῦ
719 2438 806 2505 μὴ
841 2434 1188 2492 δύνασθαί
1222 2455 1322 2492 πω
1357 2436 1658 2509 πατέρες
1694 2432 1893 2493 εἶναι.
1964 2435 2027 2493 εἰ
2077 2434 2207 2509 γὰρ
2262 2432 2372 2492 ἀεὶ
2420 2436 2689 2504 τέλειος
2742 2436 2773 2493 ὁ
2825 2438 3017 2504 θεός,

387 2524 515 2579 καὶ
551 2520 892 2592 πάρεστιν
928 2518 1108 2591 αὐτῷ
1143 2519 1430 2589 δύναμις
1463 2529 1585 2577 τοῦ
1618 2521 1885 2587 πατέρα
1922 2520 2129 2578 αὐτὸν
2164 2514 2371 2587 εἶναι,
2406 2524 2523 2577 καὶ
2558 2520 2771 2577 καλὸν
2809 2520 3016 2577 αὐτὸν

389 2601 584 2664 εἶναι
635 2604 901 2677 πατέρα
936 2603 1257 2661 τοιούτου
1301 2603 1480 2669 υἱοῦ,
1537 2608 1652 2673 (τί)
1707 2603 2173 2676 ἀναβάλλεται
2206 2607 2323 2660 καὶ
2356 2612 2476 2661 τοῦ
2508 2610 2729 2662 καλοῦ
2765 2602 3016 2663 ἑαυτὸν

391 2692 754 2762 στερίσκει
788 2691 933 2753 καί,
969 2684 1062 2754 ὣς
1095 2686 1282 2745 ἔστιν
1319 2688 1568 2757 εἰπεῖν,
1623 2686 1696 2756 ἐξ
1731 2681 1808 2745 οὗ
1854 2689 2141 2746 δύναται
2175 2691 2395 2759 πατὴρ
2430 2683 2643 2756 εἶναι,
2699 2688 2777 2747 οὗ
2812 2693 3014 2761 ἣγίνε-

387 2796 512 2832 ται
547 2774 829 2846 πατήρ>;
871 2773 948 2830 τὸ
987 2772 1152 2830 αὐτὸ
1186 2772 1515 2845 μέντοιγε
1548 2776 1856 2846 καὶπερὶ
1899 2782 2021 2830 τοῦ
2056 2771 2255 2846 ἁγίου
2290 2771 2685 2845 πνεύματος
2718 2774 3015 2833 λεκτέον.

287 2868 352 2920 25
387 2867 521 2926 πῶς
557 2852 662 2915 οὖν
702 2853 1025 2930 Ὠριγένους
1057 2862 1156 2916 καὶ
1189 2867 1356 2916 τοῦτο
1394 2857 1746 2931 γράψαντος,
1783 2857 1816 2913 ὁ
1852 2858 2136 2932 μακάριος
2168 2856 2296 2916 κατ’
2332 2857 2506 2916 αὐτόν
2548 2861 2827 2926 Παυλῖνος
2850 2868 3018 2916 τοῦτο

387 2944 506 3016 μὲν
541 2941 998 3017 ἀποκρύψασθαι
1044 2942 1148 3000 οὒκ
1191 2941 1490 3000 ἀκίνδυνον
1541 2941 1828 3013 ἐνόμισεν,
1882 2945 2205 3016 χρήσασθαι
2257 2943 2317 3000 δὲ
2368 2943 2450 3010 εἰς
2498 2946 2853 3012 κατασκευὴν
2904 2951 3020 2999 τῶν

391 3027 583 3104 ἑαυτῷ
619 3027 942 3085 δοκούντων
976 3035 1098 3092 τοῖς
1130 3024 1434 3096 ἐναντίοις,
1487 3019 1571 3084 ὧν
1627 3027 1752 3084 οὐδὲ
1807 3025 1981 3083 αὐτὸν
2036 3023 2107 3082 ἂν
2144 3023 2399 3101 Ώριγένη
2444 3024 2661 3098 εἴποιμι
2706 3027 2808 3084 τὸν
2846 3029 3022 3097 λόγον

390 3111 716 3171 ἀποδοῦναι
751 3112 996 3169 δυνατὸν
1032 3107 1204 3178 εἶναι;

571 3315 664 3368 Nr.
701 3317 770 3368 40
807 3313 908 3381 (Re
943 3314 1029 3382 33)
1066 3311 1289 3378 τούτοις
1324 3311 1382 3369 δὲ
1425 3321 1547 3379 τοῖς
1581 3311 1772 3386 ῥητοῖς
1813 3307 1912 3369 καὶ
1948 3309 1981 3368 ὁ
2017 3311 2219 3368 τοί-του
2255 3314 2441 3384 πατὴρ
2488 3312 2837 3382 πειθόμενος
2872 3313 3019 3368 Παυ-

289 3399 356 3453 30
389 3405 578 3467 λῖνος,
631 3394 810 3453 ταῦτὰ
848 3395 1034 3466 λέγειν
1071 3415 1132 3454 τε
1167 3399 1264 3452 καὶ
1301 3397 1542 3470 γράφειν
1579 3396 1684 3454 οὐκ
1717 3397 1900 3466 ὀκνεῖ,
1952 3395 2095 3454 ποτὲ
2129 3395 2235 3466 μὲν
2273 3395 2599 3467 δεύτερον
2635 3395 2803 3452 θεὸν
2839 3393 3023 3466 λέγων

391 3483 499 3541 τὸν
559 3481 810 3555 Χριστὸν
871 3484 986 3537 καὶ
1043 3489 1290 3537 τοῦτον
1345 3479 1990 3555 ἀνθρωπικώτερον
2049 3484 2474 3552 γεγενῆσθαι
2527 3480 2719 3544 θεόν,
2772 3479 2913 3537 ποτὲ
2963 3479 3023 3536 δὲ

389 3569 652 3638 κτίσμα
709 3564 917 3622 αὐτὸν
971 3559 1152 3622 εἶναι
1203 3567 1607 3638 διοριζόμενος.
1680 3562 1768 3623 ὅτι
1813 3565 1873 3624 δὲ
1916 3561 2080 3623 τοῦθ’
2117 3559 2297 3630 οὕτως
2332 3558 2473 3634 ἔχει,
2522 3566 2623 3620 καὶ
2676 3563 2821 3638 πρὸς
2872 3565 3025 3633 ἡμᾶς

391 3671 560 3720 ποτε,
595 3653 696 3720 τὴν
733 3648 1000 3722 Ἆγκύραν
1039 3646 1212 3718 διιὼν,
1249 3651 1504 3719 κτίσμα
1540 3645 1725 3707 εἶναι
1755 3650 1879 3707 τὸν
1914 3649 2216 3724 Χριστὸν
2252 3643 2520 3718 ἔφασκεν.

401 3940 476 3991 93
533 3869 772 3989 ηΙ-ἷ912
805 3869 890 3934 21,
913 3870 1092 3922 9-22
1125 3901 1191 3908 -
1228 3871 1481 3926 13—15
1512 3871 1909 3936 21‚.·.>4—22‚2
1942 3900 2007 3907 —
2044 3869 2303 3924 16-28
2338 3869 2429 3932 22,
2551 3869 2629 3920 23
2656 3897 2721 3904 -
2759 3867 3025 3922 29—33

394 3967 446 3992 ‚1
473 3981 484 4000 ‚
536 3959 625 3990 1—-
655 3977 688 3990 .-

571 4075 610 4126 6
647 4071 759 4142 vgl.
797 4071 1064 4141 Origenes
1099 4071 1170 4127 de
1202 4072 1374 4144 prino.
1413 4073 1504 4137 IV,
1543 4077 1588 4134 1,
1625 4075 1693 4127 28
1728 4104 1793 4111 —
1833 4073 1911 4128 18
1956 4071 2223 4140 Origenes
2257 4070 2316 4123 in
2353 4069 2486 4125 Gen.
2526 4087 2718 4125 comm.
2756 4069 2791 4125 1.
2830 4071 2853 4122 I
2892 4071 3022 4140 (vgl.

396 4140 722 4211 Pamphilus
759 4140 903 4209 apol.
941 4142 994 4208 3)
1029 4170 1095 4178 —
1134 4141 1211 4196 25
1252 4141 1359 4209 vgl.
1399 4141 1448 4196 S.
1474 4141 1591 4205 204,
1617 4145 1650 4194 5

575 4277 612 4331 5
665 4272 870 4344 ῥητῶν]
921 4281 984 4338 -4-
1029 4293 1155 4330 τινα
1191 4275 1284 4329 Mo
1348 4278 1356 4343 Ι
1419 4281 1520 4343 τῆς
1555 4317 1566 4329 .
1607 4319 1617 4330 .
1655 4271 1952 4343 ἐπιπολῆς
1986 4274 2051 4336 V,
2089 4291 2227 4329 corr.
2265 4273 2359 4327 Mo
2425 4274 2432 4340 Ι
2501 4274 2579 4358 10
2632 4271 2883 4342 γέννημα
2921 4273 3027 4328 We

396 4350 576 4418 γεννᾷ
609 4341 716 4411 μὲν
753 4342 802 4395 V
846 4341 959 4412 vgl.
997 4359 1064 4396 zu
1101 4343 1150 4398 S.
1187 4343 1270 4410 21,
1308 4345 1368 4397 21
1447 4346 1453 4410 Ι
1532 4345 1608 4399 18
1645 4341 1952 4414 γέγραφεν]
1999 4350 2063 4405 -4-
2099 4341 2237 4426 acas?
2312 4343 2320 4408 Ι
2398 4341 2473 4396 15
2510 4339 2822 4396 υπόστασιν
2858 4341 2951 4395 Mo

396 4411 588 4511 μάτην
623 4411 696 4464 m
748 4413 1010 4506 μαθεῖν-
999 4411 1046 4463 V
1101 4412 1216 4490 (etr.
1265 4411 1364 4478 Re)
1441 4413 1448 4478 Ι
1526 4411 1610 4496 18,
1656 4410 1810 4512 θεός]
1867 4410 2083 4530 δἐιᾶιειοὴ
2110 4409 2530 4532 111ιὲιέξίἳὸνῇ
2570 4426 2649 4531 211‘13
2682 4408 3028 4544 81.222ἐέ1οὒ

399 4479 702 4642 ᾗῇεἷὲιᾘτθ
1171 4478 1507 4631 {2252ssss
1541 4477 1861 4622 ⁰1v⁹f2⁸7³²¹⁹32³3
1891 4563 1919 4599 r
1952 4496 2071 4610 εἷςν
2105 4521 2172 4630 “1
2238 4541 2347 4616 ὠρι
2386 4519 2499 4600 &a
2532 4518 2633 4607 'v*,
2672 4559 2803 4600 corr.
2841 4543 2959 4628 vx‘g
3008 4545 3026 4624 J

398 4613 594 4683 εἴποιμ
1201 4621 1209 4664 ι
1247 4633 1394 4670 ειναι
1430 4615 1580 4668 Zahn
1618 4621 1686 4684 ὴν
1722 4615 1770 4667 V
1837 4617 1845 4682 Ι
1912 4613 1992 4669 80
2026 4631 2203 4668 ται-τα
2241 4613 2287 4666 V
2431 4613 2504 4668 81
2546 4611 2689 4668 θεὸν
2724 4629 2779 4665 m
2813 4611 3010 4667 198on
