3694 5582
698 523 776 585 78
1872 513 2137 570 Eusebius

697 685 1009 767 νομίζειν,
1056 684 1114 750 εἰ
1155 677 1245 768 μὴ
1290 677 1419 768 ἄρα
1463 673 1651 750 τοῦτ’
1705 677 2133 750 ἐπισκώπτοι
2174 682 2538 765 Σαβελλίῳ
2584 671 3015 764 Μάρκελλος,
3070 703 3181 748 οτι
3222 675 3313 766 μὴ

698 773 994 860 ἀναιδῶς
1037 778 1167 850 τὸν
1208 783 1282 851 ἐν
1325 784 1430 869 τῷ
1473 785 1622 868 θεῷ
1677 775 2095 868 σημαντικὸν
2146 774 2383 866 λόγον,
2446 805 2544 859 ως
2596 771 2804 858 αὐτὸς
2857 780 3097 863 οἴεται,
3156 774 3313 849 υἱὸν

697 873 950 966 ἐτόλμα
993 873 1367 966 ὀνομάζειν.
1454 907 1538 950 ου
1580 877 1706 967 γὰρ
1752 881 1836 948 αὖ
1880 875 2181 963 τοσαύτη
2228 871 2417 966 αὐτῷ
2464 881 2789 967 λογισμοῦ
2814 880 3043 965 παρῆν
3088 875 3309 960 ἄνοια,

698 974 794 1060 ω“ς
839 973 1052 1067 λόγον
1095 973 1346 1068 ὁμοίως
1388 975 1792 1066 ἀνθρώποις
1833 983 1947 1049 καὶ
1989 983 2092 1067 τῷ
2144 979 2255 1048 ἐπὶ
2296 973 2588 1048 πάντων
2632 971 2790 1064 διδόΙ
2799 1003 2909 1046 ναι
2953 983 3123 1068 θεῷ,
3168 971 3310 1049 οὔδ’
3346 1002 3428 1058 so

629 1091 661 1144 5
699 1071 926 1160 οὕτως
969 1075 1238 1168 ἠλίθιος
1281 1071 1398 1167 ἦν,
1463 1108 1559 1161 ως
1601 1077 1731 1150 τὸν
1772 1076 1863 1166 μὴ
1923 1072 2293 1165 υφεστῶτα
2354 1072 2564 1165 λόγον
2620 1074 2775 1146 υἱὸν
2832 1081 3004 1147 θεοῦ
3062 1087 3311 1147 καλεῖν.

700 1172 936 1264 διόπερ
967 1183 1339 1262 Σαβέλλιος
1369 1179 1488 1250 ἕνα
1516 1175 1689 1250 θεὸν
1719 1175 1957 1263 εἰπών,
2002 1177 2131 1248 τὸν
2158 1184 2201 1249 δ
2210 1173 2229 1200 ³
2257 1176 2409 1250 υἱὸν
2438 1171 2917 1265 άρνησάμενος,
2962 1176 3313 1265 ἑπομένως
3384 1188 3417 1240 5

699 1282 784 1364 τῇ
827 1273 1017 1367 αὐτῷ
1063 1284 1340 1365 δοθείσῃ
1383 1271 1708 1350 ῦποθέσει
1751 1275 1880 1349 τὸν
1924 1273 2139 1349 αὐτὸν
2169 1281 2433 1362 πατέρα
2462 1277 2635 1347 εἶναι
2661 1283 2772 1346 καὶ
2802 1274 2953 1347 υἱὸν
2995 1277 3312 1362 ἔφασκεν·

703 1371 1098 1466 Μάρκελλος
1153 1372 1218 1447 δ’
1265 1373 1518 1467 ὁμοίως
1558 1380 1800 1466 ἐκείνῳ
1854 1377 1929 1448 ἓν
1970 1384 2084 1448 καὶ
2127 1372 2386 1448 ταύτὸν
2428 1377 2603 1448 εἶναι
2647 1373 2774 1447 τὸν
2815 1373 2990 1446 θεὸν
3030 1380 3144 1446 καὶ
3186 1373 3315 1446 τὸν

697 1477 776 1544 ἐν
817 1471 1008 1566 αὐτῷ
1055 1474 1265 1566 λόγον
1309 1475 1561 1561 διδούς,
1613 1472 1838 1566 μάτην
1890 1474 2231 1564 ἐσφάλθαι
2285 1475 2411 1549 τὸν
2453 1482 2851 1562 Σαβέλλιον,
2898 1471 3045 1566 οὐχὶ
3089 1480 3161 1546 δὲ
3204 1481 3315 1546 καὶ

597 1585 664 1640 10
699 1572 946 1646 ἑαυτὸν
989 1571 1326 1667 ὁμολογεῖ.
1409 1573 1454 1666 ἢ
1496 1575 1624 1666 γὰρ
1677 1573 1997 1650 κάκεῖνον
2052 1573 2504 1665 ἀποδέχεσθαι
2553 1581 2749 1665 χρῆν·
2836 1571 2881 1664 ἢ
2938 1582 3052 1646 καὶ
3102 1570 3317 1647 αὐτὸν
3385 1587 3419 1640 6

697 1681 1078 1763 μέμφεσθαι
1149 1683 1263 1747 καὶ
1335 1673 1772 1766 μεμφόμενον
1831 1679 2099 1748 ἐκεῖνον
2158 1676 2290 1766 τὴν
2351 1669 2594 1764 ὁμοίαν
2654 1671 2844 1764 αὐτῷ
2906 1680 3315 1762 κακοδοξίαν

700 1777 1168 1860 ἐκτρέπεσθαι,
1211 1782 1324 1847 καὶ
1364 1774 1455 1864 μὴ
1501 1772 2081 1864 ἀνδριαντοποιοῦ
2120 1781 2315 1865 δίκην
2356 1770 2817 1846 ὑποτίθεσθαι
2859 1771 2987 1845 τὸν
3030 1772 3203 1845 θεὸν
3230 1780 3317 1862 τῇ

702 1873 949 1944 ἑαυτοῦ
989 1872 1352 1965 ἐνθυμήσει
1403 1883 1516 1946 καὶ
1559 1882 1662 1965 τῷ
1706 1881 1858 1965 ἰδίῳ
1915 1882 2213 1966 λογισμῷ
2267 1870 2934 1964 προσδιαλεγόμενον
2978 1869 3195 1946 αὐτόν
3238 1901 3315 1944 τε

703 1973 925 2063 ἑαυτῷ
972 1971 1600 2064 παρακελευόμενον
1643 1983 1885 2064 λέγειν·
1958 1973 2075 2062 ἄγε
2128 1972 2550 2063 ποιήσωμεν,
2606 1971 2727 2063 ἄγε
2777 1970 3149 2062 πλάσωμεν
3196 1969 3314 2044 άν-

599 2089 666 2142 15
702 2079 988 2162 δρίαντα
1031 2067 1245 2160 (οὕτω
1291 2073 1417 2164 γὰρ
1447 2081 1560 2146 καὶ
1590 2073 1716 2146 τὸν
1744 2073 1918 2147 θεὸν
1948 2076 2281 2164 εἰρηκέναι
2309 2070 2393 2145 τὸ
2431 2071 2861 2163 »ποιήσωμεν
2891 2070 3307 2160 ἄνθρωπον(
3388 2087 3419 2139 7

704 2174 887 2260 ἔφη),
947 2178 1112 2262 μηδὲ
1163 2180 1335 2245 ποτὲ
1377 2180 1502 2264 μὲν
1544 2171 1949 2248 ἐνδιάθετον
1992 2171 2089 2257 ὥς
2149 2169 2253 2245 ἐπ’
2314 2169 2675 2263 άνθρῶπῳ
2740 2170 2949 2262 λόγον
3006 2177 3183 2244 ποτὲ
3244 2175 3315 2240 δὲ

705 2270 1122 2360 σημαντικὸν
1165 2269 1262 2355 οὖς
1291 2270 1418 2344 τὸν
1463 2276 1536 2343 ἐν
1579 2269 1738 2363 ἡμῖν
1766 2271 2200 2365 προφορικὸν
2240 2277 2353 2344 καὶ
2395 2275 2471 2344 ἐν
2514 2279 2616 2362 τῷ
2663 2279 2808 2363 θεῷ
2838 2268 3316 2344 ὑποτίθεσθαι.

702 2377 920 2442 ταῦτα
980 2371 1107 2461 γὰρ
1160 2380 1546 2456 Σαβελλίου
1605 2368 1650 2462 ἢ
1703 2369 2043 2446 Ἰουδαίων
2103 2371 2295 2456 τινὸς
2356 2377 2504 2444 τῶν
2565 2369 2693 2444 τὸν
2750 2369 2903 2444 υἱὸν
2962 2377 3090 2443 τοῦ
3148 2377 3320 2443 θεοῦ

703 2465 1298 2557 ἀπαρακαλύπτως
1359 2466 1806 2562 άρνουμένων
1866 2469 2157 2545 ἀνεκτὸν
2208 2463 2298 2562 ἦν
2346 2477 2613 2561 μᾶλλον
2662 2467 2707 2560 ἢ
2752 2477 3170 2560 Χριστιανοῦ
3211 2476 3315 2542 λέ·

601 2583 670 2637 20
704 2597 953 2657 γοντος
996 2565 1288 2642 ἀκούειν.
1361 2566 1400 2642 6
1445 2567 1510 2642 δ’
1559 2571 1788 2662 ὥσπερ
1833 2567 2505 2662 ἐγκαλλωπιζόμενος
2534 2577 2621 2659 τῇ
2648 2565 2970 2664 Ἰουδαϊκῇ
3016 2576 3318 2660 διδασκα-
3390 2587 3425 2642 8

705 2674 818 2762 λίᾳ
847 2677 933 2758 τῇ
963 2673 1278 2762 ἐκκλησίᾳ
1308 2676 1498 2760 <τοῦ>
1530 2677 1832 2762 Χριστοῦ
1870 2678 2025 2760 περὶ
2055 2678 2183 2742 τοῦ
2209 2669 2299 2760 μὴ
2332 2673 2501 2743 εἶναι
2530 2668 2659 2742 τὸν
2684 2668 2837 2742 υἱὸν
2868 2677 2995 2742 τοῦ
3022 2677 3193 2743 θεοῦ
3235 2669 3316 2743 τὸ

705 2773 1008 2856 δυσσεβὲς
1053 2777 1246 2842 τουτὶ
1291 2777 1401 2842 καὶ
1447 2770 1661 2844 ἄθεον
1703 2767 1951 2861 εἰσάγει
1995 2767 2237 2862 δόγμα,
2297 2767 2431 2857 πρὸ
2486 2775 2612 2843 τοῦ
2666 2773 2796 2843 τὸν
2846 2766 3105 2859 κόσμον
3147 2775 3321 2860 γενέ-

704 2878 868 2940 σθαι
909 2874 1118 2959 μηδὲν
1163 2870 1398 2960 ἕτερον
1441 2873 1612 2943 εἶναι
1653 2871 1837 2960 πλὴν
1880 2877 2053 2944 θεοῦ
2094 2867 2309 2961 μόνου
2353 2866 2445 2942 δι’
2492 2863 2662 2944 ὅλου
2714 2877 2841 2942 τοῦ
2881 2877 3321 2960 πονηθέντος

705 2966 894 3060 αὐτῷ
939 2968 1454 3059 συγγράμματος
1493 2969 2045 3059 κατασκευάζων,
2098 2967 2183 3043 ἵν’
2230 2968 2600 3057 ἀποκλείσῃ
2645 2978 2747 3061 τῷ
2800 2972 2927 3061 υἱῷ
2980 2970 3110 3060 τὴν
3150 2968 3317 3058 πάρ·

601 3078 668 3133 25
707 3076 888 3142 οδον.
976 3066 1148 3141 ἀλλὰ
1191 3076 1303 3141 καὶ
1344 3067 1740 3159 σεμνύνεται
1783 3068 2015 3159 αῦχῶν
2060 3072 2179 3142 ἕνα
2222 3069 2393 3143 θεὸν
2435 3076 2703 3142 εἰδέναι·
2775 3067 2941 3159 <ὦς>
3002 3066 3148 3161 οὐχὶ
3206 3076 3318 3142 καὶ
3390 3090 3427 3143 9

703 3166 900 3259 ἡμῶν
945 3176 1156 3242 τοῦτο
1202 3166 1570 3260 λεγόντων,
1616 3169 1743 3241 τὸν
1785 3169 1938 3241 υἱὸν
1980 3176 2109 3243 τοῦ
2149 3176 2321 3241 θεοῦ
2362 3166 2646 3259 άληθῶς
2686 3167 2836 3239 υἱὸν
2888 3170 3063 3241 εἶναι
3105 3198 3317 3259 παρα·

708 3274 1142 3359 δεδεγμένων,
1186 3265 1346 3359 παρ’
1393 3265 1606 3343 αὐτοῦ
1649 3298 1723 3342 τε
1765 3267 2273 3359 μεμαθηκότων
2302 3268 2421 3342 ἕνα
2467 3277 2822 3357 γνωρίζειν
2868 3266 3060 3355 θεόν,
3105 3266 3321 3341 αὐτόν

709 3397 785 3441 τε
826 3370 1000 3440 εἶναι
1041 3367 1214 3441 θεὸν
1257 3364 1429 3459 ὁμοῦ
1465 3376 1576 3442 καὶ
1605 3376 1869 3457 πατέρα
1896 3373 2045 3441 υἱοῦ
2089 3375 2217 3441 τοῦ
2256 3374 2681 3459 μονογενοῦς,
2728 3370 3023 3457 [ἑαυΙτοῦ
3063 3368 3321 3459 δηλαδὴ

711 3461 914 3553 ὄντος
959 3465 1244 3559 άληθῶς
1301 3470 1452 3540 υἱοῦ
1509 3468 1644 3557 πρὸ
1705 3466 2001 3541 πάντων
2063 3470 2345 3542 αἰώνων
2403 3472 2475 3555 ἐξ
2534 3464 2748 3541 αὐτοῦ
2812 3474 3322 3559 γεγεννημένου,

605 3574 673 3629 30
709 3574 819 3639 καὶ
874 3564 954 3641 οὗ
1006 3567 1221 3659 μόνον
1284 3564 1494 3657 λόγου
1551 3574 1967 3658 κεκλημένου
2022 3567 2158 3658 πρὸ
2222 3574 2343 3671 τῆς
2406 3564 2813 3657 ἀναλήψεως
2872 3574 2996 3658 τῆς
3058 3564 3324 3658 σαρκός,

713 3695 881 3757 οπερ
927 3697 966 3739 ο
1011 3686 1319 3757 γενναῖος
1363 3674 1743 3756 διορίζεται,
1790 3664 1965 3741 άλλὰ
2006 3676 2120 3741 καὶ
2162 3676 2365 3759 μυρία
2418 3668 2643 3755 ἕτερα·
2718 3662 2757 3739 0‘
2802 3674 2875 3740 δὲ
2916 3666 3047 3741 κάν
3091 3666 3322 3759 τούτῳ

713 3774 836 3857 τῆς
879 3775 1071 3851 θείας
1114 3774 1378 3857 γραφῆς
1421 3768 1939 3857 καταψεύδεται,
1984 3765 2119 3855 πρὸ
2168 3774 2291 3867 τῆς
2332 3764 2663 3856 ἐνσάρκου
2706 3774 3077 3854 παρουσίας
3114 3774 3327 3858 μηδὲν

716 3869 954 3954 ἕτερον
995 3874 1371 3957 κεκλῆσθαι
1415 3864 1631 3939 αὐτὸν
1673 3865 2270 3957 άπισχυριζόμενος
2313 3894 2354 3955 η
2402 3862 2629 3955 λόγον.

884 3972 893 4055 Ι
948 3972 1030 4039 18
1083 3964 1465 4041 ἐπάκουσον
1508 3974 1693 4055 γοῦν,
1734 3996 1830 4049 ως
1875 3973 2386 4052 διαβεβαιοῦται,
2430 3962 2664 4049 αὐτοῖς
2707 3963 2995 4058 ῥήμασιν
3024 3972 3133 4041 55¹
3170 3973 3327 4040 τοῦ·
3365 3973 3443 4030 81
3558 3969 3694 4037 ὅπως

613 4072 679 4125 35
715 4094 841 4137 τον
884 4064 1174 4156 γράφων
1217 4066 1344 4139 τὸν
1386 4063 1652 4156 τρόπον
3390 4057 3679 4195 {effi-‚922

883 4236 923 4293 8
958 4237 1073 4307 vgl.
1108 4237 1200 4291 Nr.
1237 4240 1316 4293 55.
1353 4238 1421 4293 62
1455 4268 1514 4278 -
1566 4238 1604 4292 9
1641 4238 1752 4308 vgl.
1788 4237 1882 4292 Nr.
1920 4236 1987 4292 38
2039 4266 2104 4276 —
2160 4236 2302 4293 lint
2330 4238 2444 4307 vgl.
2480 4236 2573 4291 Nr.
2610 4238 2677 4293 52
2710 4264 2776 4275 —
2824 4236 2959 4291 lssfl'
2988 4236 3101 4306 vgl.
3135 4235 3227 4290 Nr.
3266 4239 3335 4291 54

715 4366 782 4376 —·
818 4338 962 4395 228
991 4338 1100 4408 vgl.
1139 4338 1230 4393 Nr.
1267 4340 1347 4395 92.
1383 4340 1452 4395 93
1485 4358 1537 4395 u.
1574 4344 1622 4392 ὃ.
1657 4368 1724 4378 -·
1764 4339 1841 4394 25
1878 4339 1989 4407 vgl.
2024 4336 2116 4392 Nr.
2152 4339 2235 4393 67.
2271 4339 2353 4393 68.
2393 4338 2506 4393 108.
2545 4340 2641 4393 115

891 4490 920 4543 1
961 4485 1256 4546 ἐπικόπτοι
1275 4490 1380 4545 We
1433 4491 1441 4557 Ι
1496 4491 1575 4546 Μ
1605 4480 1676 4545 αὖ
1713 4530 1724 4543 .
1764 4529 1776 4542 .
1814 4530 1826 4542 .
1864 4494 2053 4557 παρῆν
2082 4488 2154 4543 V²
2188 4488 2545 4559 (napv‘lwa⁴??
2583 4490 2685 4557 V*)
2720 4484 2794 4545 ἂν
2830 4528 2843 4543 .
2880 4530 2892 4543 .
2930 4531 2943 4544 .
2979 4488 3188 4560 παρείη
3224 4503 3283 4543 m
3321 4489 3327 4555 Ι

720 4589 793 4645 11
833 4592 933 4645 καί
969 4592 1040 4644 Kl
1077 4589 1109 4658 ἢ
1148 4592 1194 4644 V
1241 4593 1250 4659 Ι
1300 4592 1377 4647 21
1415 4600 1519 4647 τοῦ
1555 4611 1609 4645 ιιι
1655 4592 1665 4661 Ι
1715 4592 1792 4648 25
1829 4587 1912 4655 ὼς
1944 4590 2033 4645 fib.
2064 4589 2115 4644 d.
2144 4590 2198 4646 Ζ.
2218 4590 2295 4643 V2
2342 4591 2350 4657 Ι
2396 4590 2473 4647 26
2511 4598 2681 4646 τοῦτο
2711 4590 2788 4643 V²
2811 4588 2998 4645 τούτω
3022 4589 3104 4640 V*
3140 4582 3332 4643 οὕτωῖ

721 4692 807 4745 Ga
843 4692 854 4759 Ι
893 4690 1399 4763 παραδεδεγμένων
1423 4693 1494 4746 Κ]
1531 4691 2061 4766 παραδεδειγμένων
2088 4692 2135 4745 V
2200 4693 2209 4757 Ι
2275 4691 2354 4747 28
2390 4694 2519 4745 τοῦῖ
2552 4690 2659 4744 We
