3694 5582
1184 505 1254 560 de
1287 505 1662 560 ecelesiastica
1695 505 1981 575 theologia
2010 507 2064 560 11
2102 508 2181 562 18.
2219 511 2301 565 19.
2932 519 3047 581 123

426 673 542 737 καὶ
584 662 914 755 ηῦρόησεν
957 664 1148 758 αὐτῷ
1191 664 1232 757 ἦ
1278 675 1431 758 περὶ
1478 675 1605 740 τοῦ
1649 668 1800 751 ἑνὸς
1843 676 2015 741 θεοῦ
2060 675 2469 756 διδασκαλία,
2513 679 2855 762 χρησίμως
2886 670 3048 744 τότε

425 773 541 836 καὶ
599 766 776 837 κατὰ
825 767 1066 856 καιρὸν
1117 771 1732 854 είδωλολατροῦσιν
1773 764 2118 853 Ἰουδαίοις
2178 775 2709 860 παραδεδομένη.
2793 779 2904 842 καὶ
2964 773 3048 863 δὴ

426 869 731 937 ἐνταῦθα
772 869 1194 955 καταφυγών
1234 874 1347 938 καὶ
1411 864 1641 956 ω’σπερ
1701 873 1778 938 ἐν
1839 862 2226 956 ὀχυρώματι
2292 869 2537 941 ἑαυτὸν
2598 878 2685 959 τῇ
2726 867 3051 961 Ἰουδαϊκῇ

423 962 840 1054 περιφράξας
870 973 1383 1059 σκληροκαρδία,
1415 966 1547 1056 τὴν
1576 991 1863 1058 αρνησιν
1892 965 2359 1054 προυβάλλετο
2391 977 2518 1041 τοῦ
2544 973 2697 1041 υἱοῦ
2714 1000 2843 1043 του
2812 977 3049 1044 θεοῦ.

353 1079 388 1132 5
423 1072 673 1252 λέξινΙθ
723 1064 1110 1139 ἐπάκουσον
1155 1073 1320 1156 γοῦν
1372 1071 1543 1150 οἵαις
1593 1074 1911 1157 κέχρηται
1972 1088 2263 1156 φωναῖς,
2326 1061 2460 1142 ωδε
2522 1067 2811 1159 γράφων
2868 1072 3049 1143 κατὰ
3080 1073 3419 1212 Ξῖλαὲἓέίῖἕς·

3082 1217 3214 1287 περὶ
3291 1209 3387 1269 ἑνὸ
3355 1214 3419 1280 ὸς

548 1270 685 1352 (Nr.
715 1273 822 1353 57)
868 1272 1023 1337 τίνα
1067 1271 1304 1337 τοίνυν
1347 1265 1474 1339 τὸν
1522 1267 1690 1354 »ἐγώ
1736 1272 1867 1356 εἰμι
1912 1261 1951 1338 5
1996 1259 2133 1339 ὢν(
2183 1275 2475 1357 λέγοντα
2502 1264 2834 1358 Ἀστέριος
2874 1271 3047 1341 εἶναι
3116 1285 3261 1337 θεοῦ
3295 1289 3395 1350 τῆς

547 1371 786 1451 οἴεται,
849 1364 978 1438 τὸν
1017 1365 1169 1437 υἱὸν
1213 1361 1256 1454 ἢ
1302 1364 1430 1438 τὸν
1469 1372 1762 1456 πατέρα,·
1822 1365 1963 1439 δύο
2010 1367 2153 1457 γὰρ
2195 1365 2709 1452 υποστάσεις,
2771 1375 2863 1451 εἷς
2918 1367 3049 1458 τὴν
3115 1354 3389 1502 ἔῖἶέἶζῖςς

551 1462 1006 1555 ἀνθρωπίνην
1039 1463 1124 1555 ἢν
1153 1459 1192 1535 5
1226 1471 1353 1536 τοῦ
1380 1471 1552 1537 θεοῦ
1580 1463 1786 1555 λόγος
1816 1460 2185 1556 ἀνείληφεν
2225 1467 2439 1558 σάρκα
2482 1465 2769 1556 ἀφορῶν
2806 1476 2916 1538 καὶ
2962 1465 3045 1540 δι’
3138 1485 3367 1558 γραφὰς

317 1584 384 1637 10
545 1561 762 1656 αὐτὴν
813 1561 1004 1637 οὕτω
1052 1561 1578 1654 φανταζόμενος,
1623 1564 1932 1654 πατρός
1974 1595 2059 1638 τε
2104 1575 2235 1639 καὶ
2280 1573 2457 1640 υἱοῦ
2506 1571 2751 1656 ἔφησεν
2807 1571 3042 1653 εἶναι,
3102 1554 3387 1622 μαθωθό·

545 1659 732 1736 οὕτω
787 1664 916 1737 τὸν
961 1663 1114 1737 υἱὸν
1157 1669 1285 1734 τοῦ
1323 1671 1494 1736 θεοῦ
1533 1674 1854 1755 χωρίζων
1910 1673 2039 1738 τοῦ
2097 1665 2387 1758 πατρός,
2442 1697 2538 1749 ως
2579 1674 2693 1738 καὶ
2735 1667 2888 1739 υἱὸν
2933 1663 3043 1738 άν-
3171 1638 3353 1754 μῗιῖιςς

541 1765 836 1851 θρωπου
873 1771 1224 1853 χωρίσειεν
1268 1763 1356 1836 ἄν
1400 1793 1505 1846 τις
1548 1770 1676 1836 τοῦ
1717 1765 1893 1837 κατὰ
1940 1765 2142 1853 φύσιν
2184 1765 2463 1856 πατρός.
3098 1741 3385 1878 ἷῖζδξξὲζξ

411 1871 526 1933 καὶ
571 1867 858 1952 ἐπιλέγει
901 1866 1051 1954 ἑξῆς
3076 1893 3111 1946 2
3133 1897 3235 1944 τοῦ
3268 1894 3412 1946 θεοῦ

540 1966 678 2049 (Nr.
723 1972 830 2050 58)
891 1969 948 2036 εἰ
1001 1970 1247 2035 τοίνυν
1300 1963 1427 2034 τὸν
1469 1970 1732 2052 πατέρα
1773 1972 2157 2052 χωρίζοντα
2207 1963 2455 2036 ἑαυτὸν
2506 1971 2634 2039 τοῦ
2674 1969 2827 2038 υἱοῦ
2868 1967 3042 2055 πρὸς
3132 1957 3377 2029 ἠρνεῖτο·

310 2085 376 2138 15
539 2059 667 2132 τὸν
714 2070 966 2135 Μωσέα
1027 2059 1216 2133 ταῦτ’
1263 2068 1597 2154 εἰρηκέναι
1642 2058 1868 2151 φήσει,
1930 2060 2055 2134 οῦκ
2100 2065 2267 2135 εἶναι
2312 2065 2437 2136 τὸν
2480 2063 2631 2136 υἱὸν
2669 2064 2841 2137 θεὸν
2884 2062 3040 2155 ὄμο-

538 2159 824 2250 λογήσει.
925 2169 1080 2246 πῶς
1149 2161 1276 2250 γὰρ
1338 2167 1622 2283 ἐγχωρεῖ
1667 2161 1796 2234 τὸν
1860 2169 2148 2252 λέγοντα
2214 2166 2382 2253 »ἐγώ
2446 2171 2575 2254 εἰμι
2636 2163 2673 2235 5
2736 2193 2872 2236 mv«
2946 2165 3037 2255 μὴ

538 2272 1024 2351 συνομολογεῖν
1069 2290 1178 2333 οτι
1218 2261 1396 2333 κατὰ
1437 2259 1965 2350 ἇντιδιαστολὴν
2006 2269 2133 2334 τοῦ
2175 2261 2265 2352 μὴ
2310 2257 2514 2346 ὄντος
2559 2259 2596 2335 5
2642 2257 2747 2334 ὢν
2788 2265 3035 2337 ἑαυτὸν

535 2361 708 2432 εἶναί
749 2383 984 2450 φησιν,·
1043 2363 1102 2432 εἰ
1161 2367 1233 2431 δὲ
1294 2360 1421 2434 τὸν
1473 2359 1626 2432 υἱὸν
1665 2357 2036 2432 ὑποστάσει
2080 2368 2483 2452 διῃρημένον
2526 2370 2738 2436 τοῦτο
2786 2360 3033 2450 φάσκοι

535 2465 756 2550 λέγειν
813 2458 894 2532 τὸ
962 2459 1131 2550 »ἐγώ
1193 2465 1323 2551 εἰμι
1385 2455 1424 2532 5
1487 2457 1657 2543 ὥνε,
1727 2467 1736 2548 Ι
1802 2457 2060 2531 ταῦτόν
2120 2454 2321 2545 αὖθις
2378 2469 2532 2549 περὶ
2592 2469 2719 2534 τοῦ
2768 2463 3033 2551 πατρὸς
3070 2479 3182 2534 181

301 2575 374 2630 20
541 2566 761 2648 λέγειν
804 2557 1312 2648 νομισθήσεται·
1385 2557 1713 2648 ἑκάτερον
1755 2565 1827 2629 δὲ
1871 2558 2149 2632 τούτων
2194 2559 2434 2646 ἀσεβές.

407 2667 520 2730 καὶ
561 2655 775 2730 πάλιν
817 2663 956 2748 <ἓν>
1003 2661 1172 2731 εἶναι
1217 2656 1354 2730 τὸν
1396 2664 1660 2746 πατέρα
1701 2665 1812 2728 καὶ
1860 2659 1986 2730 τὸν
2027 2659 2179 2732 υἱὸν
2232 2665 2549 2749 ἐπιδεῖξαι
2592 2662 3030 2753 πειρώμενος,
3063 2671 3097 2725 3

409 2753 636 2843 οῦτως
677 2756 921 2849 γράφει

536 2863 676 2946 (Nr.
705 2866 810 2945 66)
857 2856 1063 2942 αὐτὸς
1109 2859 1235 2949 γὰρ
1261 2854 1626 2980 ,ὁμολογεῖ
1639 2865 1860 2945 λέγων
1908 2864 2019 2930 »ἐν
2060 2863 2206 2948 ἐμοὶ
2250 2856 2289 2931 5
2329 2862 2561 2952 πατὴρ
2602 2859 2791 2951 κάγώ
2822 2868 2899 2934 ἐν
2928 2872 3031 2955 τῷ

533 2967 812 3083 πατρΗία
887 2952 998 3030 ὅτι
1051 2965 1122 3030 δὲ
1165 2966 1377 3030 τοῦτο
1421 2954 1540 3046 οὐχ
1585 2954 1824 3039 ἅπλῶς
1870 2954 2025 3030 ουδὲ
2086 2956 2439 3082 ἀσκόπως
2469 2966 2757 3051 εἴρηκεν,
2822 2969 3034 3052 δῆλον

301 3073 371 3129 25
531 3088 646 3130 και
691 3055 809 3147 ἀφ’
854 3060 1086 3146 ἑτέρας
1127 3055 1587 3148 άποστολικῆς
1631 3054 1914 3147 ρήσεως·
1989 3058 2151 3141 »εἶςε
2220 3060 2345 3149 γὰρ
2401 3056 2439 3132 5
2486 3063 2705 3134 εἰπών
2752 3062 3031 3151 »κύριος,

529 3167 645 3247 μία
688 3166 934 3243 πίστις,
979 3160 1056 3228 ἓν
1095 3151 1471 3246 βάπτισμα(
1527 3168 1657 3240 »εἰς
1699 3155 1898 3239 θεόςε
1952 3160 2081 3249 ἔφη
2129 3167 2277 3230 »καὶ
2320 3159 2577 3251 πατήρ,
2624 3156 2663 3231 5
2708 3167 2817 3234 ἐπὶ
2863 3160 3033 3234 πάν-

533 3288 684 3331 των
743 3266 854 3329 καὶ
915 3256 1024 3329 διὰ
1083 3254 1378 3328 πάντων
1435 3262 1549 3327 καὶ
1609 3262 1684 3327 ἐν
1742 3262 2011 3329 πᾶσινε.
2117 3254 2281 3351 ὁρᾷς
2343 3252 2452 3331 ὅτι
2516 3256 2657 3332 οὐδ’
2727 3267 3033 3333 ἐνταῦθα

533 3354 903 3444 ἀφίσταται
946 3364 1070 3446 τῆς
1114 3363 1533 3447 συμφωνίας,
1595 3351 1773 3457 ᾆλλά
1812 3363 1928 3427 καὶ
1970 3362 2274 3429 ἐνταῦθα
2319 3358 2400 3429 τὸ
2446 3358 2614 3432 αὐτὸ
2658 3366 3032 3431 πέπονθεν.

535 3458 700 3540 ›sig‹
750 3456 878 3547 γὰρ
920 3458 1139 3528 εἰπών
1186 3454 1486 3545 »κύριοςι
1537 3458 1739 3537 αὖθις
1788 3456 1919 3537 »εἷς
1960 3457 2160 3539 θεόςε
2208 3460 2356 3548 ἔφη,
2402 3464 2512 3529 ἵνα
2555 3455 2755 3550 ἡνίκα
2787 3457 2873 3531 ἂν
2902 3466 3029 3531 τοῦ

291 3571 368 3626 30
530 3558 684 3641 ἑνὸς
725 3564 966 3646 κυρίου
1009 3553 1394 3646 μνημονεύῃ
1439 3552 1905 3644 περιλαμβάνῃ
1950 3563 2061 3626 καὶ
2106 3556 2233 3629 τὸν
2275 3564 2559 3647 πατέρα,
2604 3555 2801 3647 ἡνίκα
2829 3555 2895 3629 δ’
2943 3558 3027 3630 ἂν

527 3666 684 3747 περὶ
727 3663 854 3727 τοῦ
894 3656 1157 3745 πατρὸς
1201 3661 1360 3742 λέγῃ
1388 3654 1478 3744 μὴ
1510 3653 1707 3737 ἐκτὸς
1745 3656 1914 3725 εἶναι
1945 3655 2069 3727 τὸν
2100 3654 2311 3745 λόγον
2349 3662 2477 3728 τοῦ
2503 3664 2675 3729 θεοῦ
2702 3667 3028 3747 μαρτυρῇ.

401 3762 624 3827 ταῦτα
667 3754 1068 3843 Μάρκελλος
1111 3755 1332 3827 είπών
1385 3754 1536 3843 ἑξῆς
1587 3762 1866 3837 πλείους
1919 3754 2189 3845 συνάγει
2249 3755 2512 3845 γραφὰς
2554 3751 2693 3829 άπὸ
2738 3764 2861 3847 τῆς
2902 3788 3026 3829 πα·
3060 3780 3093 3833 4

403 3862 602 3939 λαιᾶς
644 3854 976 3945 διαθήκης
1019 3859 1111 3938 εἰς
1157 3850 1503 3940 ἀπόδειξιν
1548 3860 1674 3924 τοῦ
1715 3853 1805 3942 μὴ
1850 3851 2175 3943 ὑπάρχειν
2218 3855 2367 3927 υἱὸν
2396 3864 2498 3947 τῷ
2528 3862 2692 3945 θεῷ.
2763 3856 3027 3947 μονάδα
3060 3882 3093 3935 5

400 3961 571 4043 γοῦν
615 3956 786 4027 εἶναι
829 3952 1218 4042 ἀδιαίρετον
1261 3952 1392 4024 τὸν
1431 3951 1602 4024 θεὸν
1647 3950 1964 4040 φάσκων,
2026 3953 2218 4043 <τόν>
2283 3951 2495 4026 αῦτὸν
2548 3956 2719 4027 εἶναι
2760 3963 3023 4047 πατέρα

291 4068 364 4123 35
398 4061 512 4126 καὶ
556 4054 686 4126 τὸν
727 4051 942 4127 αὐτὸν
985 4057 1156 4126 εἶναι
1197 4053 1352 4125 υἱὸν
1393 4059 1708 4141 παρίστη,
1753 4049 2041 4142 γράφων
2087 4060 2341 4126 τοῦτον
2385 4054 2511 4127 τὸν
2555 4054 2823 4144 τρόπον

573 4226 602 4281 7
663 4224 764 4279 Ex.
799 4228 848 4287 3,
886 4228 954 4280 14
1005 4256 1073 4265 -
1127 4226 1204 4280 ιε
1258 4223 1549 4290 Ex.3,14
1601 4252 1668 4261 —
1725 4222 1799 4277 19
1854 4222 2156 4287 Ex.3,24
2205 4254 2273 4263 —
2328 4225 2407 4281 23
2444 4225 2791 4295 Joh.10‚38
2835 4258 2900 4267 -
2952 4228 3058 4283 26-

399 4325 540 4397 Eph.
577 4330 628 4395 4,
665 4330 714 4382 5.
749 4329 783 4383 6
817 4356 884 4365 —
921 4328 999 4383 29
1037 4326 1176 4397 Eph.
1212 4329 1261 4392 4,
1298 4328 1346 4382 5.
1383 4327 1416 4380 6

571 4478 609 4532 9
644 4478 746 4533 καὶ
779 4479 842 4546 δὴ
881 4478 958 4532 V²
993 4495 1042 4531 a.
1077 4478 1141 4532 R.
1205 4480 1216 4545 Ι
1284 4476 1360 4531 18
1397 4470 1612 4543 φάσκοι
1647 4474 1774 4528 and.
1803 4476 1879 4528 St.
1917 4472 2125 4545 φάσκει
2160 4476 2211 4530 V
2263 4478 2272 4544 Ι
2341 4478 2417 4533 19
2452 4476 2635 4549 λέγων
2652 4476 2755 4545 V*‚
2792 4495 2927 4533 corr.
2948 4478 3026 4532 V²

403 4578 410 4639 ἲ
475 4578 548 4632 21
605 4572 670 4633 ἓν
714 4578 788 4632 ΚΙ
839 4579 953 4650 vgl.
993 4580 1044 4633 S.
1083 4580 1198 4642 180,
1235 4580 1304 4632 12
1367 4580 1376 4645 Ι
1439 4577 1520 4632 24
1571 4583 1740 4631 τοῦτο
1788 4573 1890 4645 οὔχ
1926 4574 2003 4629 V²
2046 4574 2115 4631 οὗ
2165 4584 2334 4633 τοῦτο
2387 4578 2469 4631 V*
2532 4579 2542 4647 Ι
2616 4581 2695 4635 26
2746 4574 3025 4648 θεὸς·ἐφ’

398 4668 434 4748 ᾖ
474 4679 570 4742 V‘,
607 4696 747 4735 corr.
783 4679 862 4735 V²
924 4682 934 4747 Ι
996 4680 1202 4753 πατήρ]
1241 4688 1307 4744 -1-
1343 4677 1579 4735 πάντων
1617 4675 1714 4731 ΝΤ
1779 4680 1788 4746 Ι
1850 4678 1926 4733 84
1962 4676 2061 4733 τὸν
2098 4678 2169 4731 Kl
