3694 5582
687 515 803 576 154
1856 499 2121 556 Eusebius

684 665 972 750 στόλους
1014 673 1126 736 καὶ
1170 672 1397 738 πᾶσαν
1441 671 1735 754 θεοφιλῆ
1789 662 2040 754 ψυχήν,
2102 662 2279 748 εἰκὸς
2340 670 2411 735 δὲ
2462 672 2573 735 καὶ
2627 662 2751 744 τὰς
2800 669 3155 751 κρείττους
3196 667 3303 728 καὶ

685 778 876 852 θείας
929 762 1265 856 δυνάμεις,
1329 772 1451 856 τῆς
1513 771 1582 851 ἐξ
1627 763 1840 836 αὐτοῦ
1898 760 2435 854 μεταλαμβάνειν
2488 761 2867 853 άγιότητος.
2954 757 2993 832 ὅ
3048 766 3119 832 δὲ
3162 760 3307 843 υίὸς

683 867 893 959 μόνος
955 873 1252 956 πατρικῇ
1313 863 1599 953 θεότητι
1644 870 2111 954 τετιμημένος,
2172 863 2529 953 ποιητικὸς
2574 860 2661 934 ἂν
2702 867 2805 951 εἴη
2845 867 2958 932 καὶ
3002 865 3305 950 δημιουρ·

685 967 871 1057 γικὸς
915 973 1036 1055 τῆς
1080 972 1228 1036 τῶν
1271 971 1583 1054 γενητῶν
1627 960 1993 1045 ἁπάντων,
2058 959 2332 1051 ὁρατῶν
2394 993 2467 1035 τε
2511 971 2623 1034 καὶ
2666 959 3014 1050 άοράτων,
3065 967 3178 1030 καὶ
3224 959 3303 1048 δὴ

615 1084 650 1137 5
685 1076 796 1138 καὶ
857 1063 1067 1156 αὐτῆς
1123 1072 1246 1154 τῆς
1290 1071 1416 1136 τοῦ
1457 1062 1903 1152 παρακλήτου
1942 1063 2327 1149 πνεύματος
2385 1061 2763 1152 ὑπάρξεως·
2832 1057 3129 1132 »πάνται
3180 1059 3304 1146 γὰρ

692 1165 812 1238 »δι’
853 1163 1066 1238 αὐτοῦ
1108 1169 1403 1252 ἐγένετο,
1466 1171 1580 1234 καὶ
1621 1171 1824 1251 χωρὶς
1878 1158 2091 1234 αὐτοῦ
2132 1166 2402 1251 ἐγένετο
2448 1159 2602 1234 οὐδὲ
2648 1164 2752 1233 ἓν(
2802 1167 2915 1230 καὶ
2962 1163 3071 1230 »ἐν
3114 1157 3304 1249 αὐτῷ
3340 1180 3371 1233 2

685 1272 968 1355 ἐκτίσθη
1011 1265 1098 1336 τὰ
1141 1260 1372 1335 πάντα
1418 1263 1506 1334 τὰ
1565 1266 1641 1333 ἐν
1701 1281 1844 1346 τοῖς
1906 1258 2222 1351 οὐρανοῖς
2279 1270 2393 1333 καὶ
2456 1261 2541 1334 τὰ
2601 1266 2713 1334 ἐπὶ
2773 1265 2897 1350 τῆς
2954 1265 3104 1347 γῆς,
3168 1263 3300 1329 εἴτε

687 1363 903 1455 ὁρατὰ
948 1369 1083 1436 εἴτε
1129 1360 1448 1454 ἇόραται.
1535 1358 1574 1434 ὁ
1619 1359 1684 1434 δ’
1739 1367 2047 1432 ἐπέκεινα
2100 1369 2248 1434 τῶν
2300 1357 2489 1434 ὅλων
2540 1361 2707 1445 θεὸς
2756 1368 2867 1431 καὶ
2910 1359 3139 1450 πατὴρ
3183 1365 3311 1429 τοῦ

687 1472 923 1552 κυρίου
986 1461 1181 1553 ἡμῶν
1240 1458 1450 1552 Ἰησοῦ
1503 1468 1828 1550 Χριστοῦ,
1893 1459 2196 1551 άρρητόν
2255 1492 2323 1533 τι
2382 1455 2488 1534 ὢν
2548 1458 2815 1551 ἀγαθὸν
2875 1469 2987 1532 καὶ
3044 1459 3311 1542 παντὸς

586 1583 654 1638 10
689 1570 1012 1654 λογισμοῦ
1068 1571 1182 1634 καὶ
1243 1568 1545 1646 διανοίας
1607 1567 1844 1650 φωνῆς
1907 1591 1983 1632 τε
2043 1559 2261 1649 πάσης
2314 1570 2427 1634 καὶ
2488 1558 2923 1651 ἐνθυμήσεως
2974 1577 3308 1648 κρεῖττον,

689 1661 860 1755 ὁμοῦ
903 1669 1052 1734 τῶν
1095 1661 1386 1734 πάντων
1429 1655 1554 1734 ὅσα
1593 1667 1768 1732 ποτὲ
1813 1655 1985 1733 ὄντα
2028 1669 2140 1732 καὶ
2184 1657 2389 1734 ὁποῖα
2433 1658 2759 1751 τυγχάνει,
2808 1656 3020 1732 αὐτοῦ
3063 1687 3137 1731 τε
3184 1666 3311 1732 τοῦ

689 1761 884 1853 άγίου
927 1760 1314 1851 πνεύματος
1357 1767 1638 1849 προσέτι
1683 1766 1754 1831 δὲ
1797 1769 1909 1831 καὶ
1952 1767 2081 1833 τοῦ
2122 1767 2531 1850 μονογενοῦς
2580 1765 2733 1832 υἱοῦ
2774 1759 3309 1850 καθηγούμενος,

688 1862 899 1953 μόνος
959 1858 1244 1944 εἰκότως
1305 1856 1344 1932 ὁ
1399 1865 1508 1932 ἐπὶ
1559 1856 1853 1933 πάντων
1904 1868 2017 1931 καὶ
2077 1859 2185 1932 διὰ
2246 1858 2557 1932 πάντων-
2596 1868 2708 1932 καὶ
2760 1865 2837 1931 ἐν
2896 1867 3105 1933 πᾶσιν
3146 1859 3313 1940 θεὸς

691 1959 1029 2052 ἀνείρηται
1074 1959 1258 2047 παρὰ
1303 1967 1406 2049 τῷ
1451 1955 1826 2048 άποστόλφ
1874 1957 2085 2046 φάντι
2134 1961 2263 2042 »εἷς
2306 1957 2560 2046 κύριος,
2603 1969 2721 2049 μία
2775 1967 3018 2044 πίστις,
3082 1961 3155 2030 ἓν
3197 1955 3313 2043 βά-

589 2081 656 2134 15
691 2085 973 2150 πτισμα·
1046 2059 1141 2142 εἷς
1170 2059 1334 2142 θεὸς
1362 2058 1592 2150 πατὴρ
1630 2057 1939 2144 πάντων,
1986 2055 2025 2132 o‘
2069 2063 2179 2132 ἐπὶ
2223 2057 2514 2133 πάντων
2554 2067 2668 2130 καὶ
2710 2059 2823 2132 διὰ
2866 2057 3159 2131 πάντων
3200 2065 3314 2128 καὶ

693 2165 768 2233 ἐν
811 2167 1075 2232 πᾶσινι.
1147 2168 1259 2230 καὶ
1301 2157 1513 2250 μόνος
1555 2166 1676 2248 μὲν
1720 2150 1929 2242 αὐτὸς
1965 2157 2097 2242 »εἶς
2126 2157 2287 2240 θεὸς
2330 2167 2441 2229 καὶ
2469 2159 2733 2250 πατὴρ(
2776 2164 2939 2231 »τοῦ
3002 2168 3013 2241 Ι
3076 2165 3317 2278 κυρίου
3348 2174 3545 2244 31175

689 2257 888 2376 ημῶν
929 2257 1138 2349 Ἰησοῦ
1183 2266 1519 2348 Χριστοῦ(
1567 2266 1967 2348 χρηματίζοι
2010 2258 2123 2335 ἄν
2186 2254 2225 2330 ὁ
2288 2264 2359 2329 δὲ
2404 2258 2547 2342 υἱὸς
2604 2257 3013 2348 »μονογενὴς
3066 2256 3227 2338 θεὸς
3274 2286 3312 2327 ο

692 2351 794 2429 ὢν
840 2365 930 2442 εἰς
973 2359 1103 2430 τὸν
1142 2355 1412 2432 κόλπον
1466 2364 1592 2430 τοῦ
1644 2355 1971 2447 πατρόςι·
2046 2357 2127 2428 τὸ
2190 2363 2261 2429 δὲ
2323 2357 2769 2449 παράκλητον
2828 2364 3093 2448 πνεῦμα
3152 2385 3313 2427 οιτε

691 2457 855 2540 θεὸς
898 2449 1058 2530 οὔτε
1101 2455 1262 2540 υἱός,
1306 2461 1455 2528 ἐπεὶ
1498 2457 1586 2547 μὴ
1633 2461 1706 2528 ἐκ
1751 2463 1879 2530 τοῦ
1920 2457 2181 2546 πατρὸς
2212 2453 2465 2546 ὁμοίως
2510 2466 2610 2548 τῷ
2655 2463 2789 2548 υἱῷ
2828 2465 2939 2529 καὶ
2984 2454 3153 2528 αυτὸ
3186 2454 3317 2544 τὴν

590 2577 659 2632 20
693 2563 952 2646 γένεσιν
997 2561 1292 2646 ειληφεν,
1338 2559 1412 2628 ἓν
1458 2563 1533 2628 δέ
1573 2587 1640 2628 τι
1682 2563 1831 2627 τῶν
1876 2556 1982 2628 διὰ
2028 2563 2155 2629 τοῦ
2196 2562 2347 2629 υἱοῦ
2390 2563 2777 2646 γενομένων
2816 2553 3157 2646 τυγχάνει,
3204 2584 3316 2626 οτι

694 2654 775 2744 δὴ
845 2653 1110 2728 »πάντα
1171 2652 1259 2727 δι’
1322 2651 1534 2728 αὐτοῦ
1595 2661 1891 2746 ἐγένετο,
1954 2663 2067 2728 καὶ
2126 2664 2328 2746 χωρὶς
2389 2653 2603 2730 αὐτοῦ
2654 2662 2919 2745 ἐγένετο
2974 2652 3129 2727 οὐδὲ
3184 2657 3315 2724 ἓνι.

696 2762 912 2826 ταῦτα
969 2761 1092 2845 μὲν
1153 2748 1277 2829 οὖν
1339 2763 1424 2845 τῇ
1478 2751 1631 2849 άγίᾳ
1691 2765 1800 2828 καὶ
1862 2764 2197 2847 καθολικῇ
2270 2762 2585 2849 ἐκκλησίᾳ
2649 2749 2786 2828 ὧδέ
2839 2783 2937 2845 πη
2997 2753 3106 2827 διὰ
3169 2760 3316 2825 τῶν
3348 2775 3381 2828 4

695 2863 913 2925 θείων
957 2863 1220 2942 φωνῶν
1262 2862 1714 2944 παραδίδοται
1754 2858 1840 2929 τὰ
1868 2855 2224 2947 μυστήρια·
2268 2855 2665 2945 Μάρκελλος
2704 2863 2775 2928 δὲ
2818 2853 3049 2927 πάντα
3078 2853 3315 2943 φύρας.

657 2940 866 3027 ’ἶποτὲ
909 2960 1034 3043 μὲν
1075 2958 1166 3039 εἰς
1197 2952 1410 3029 αὐτὸν
1441 2952 1607 3029 ὅλον
1640 2956 1769 3028 τὸν
1797 2963 2179 3042 Σαβελλίου
2205 2955 2427 3042 βυθὸν
2453 2974 2674 3045 χωρεῖ,
2718 2960 2892 3027 ποτὲ
2936 2960 3007 3026 δὲ
3036 2954 3319 3026 Παύλου

593 3071 666 3126 25
696 3061 824 3125 τοῦ
865 3063 1322 3144 Σαμοσατέως
1367 3052 1821 3127 ἀνανεοῦσθαι
1864 3062 2180 3143 πειρᾶται
2223 3054 2355 3146 τὴν
2386 3060 2654 3144 αἵρεσιν,
2699 3060 2872 3127 ποτὲ
2903 3061 2973 3126 δὲ
3003 3051 3319 3137 Ἰουδαῖος

557 3175 565 3185 ·
696 3146 800 3225 ὢν
846 3153 1165 3241 ἄντικρυς
1207 3152 1668 3244 ἇπελέγχεται·
1738 3162 1901 3245 μίαν
1952 3156 2077 3245 γὰρ
2130 3152 2505 3227 ὑπόστασιν
2550 3153 3041 3243 τριπρόσωπον
3084 3152 3316 3242 ὥσπερ

665 3262 806 3325 ’καὶ
852 3254 1240 3342 τριώνυμον
1283 3252 1554 3343 εἰσάγει,
1601 3253 1728 3325 τὸν
1771 3252 1987 3325 αὐτὸν
2030 3258 2203 3327 εἶναι
2246 3262 2469 3344 λέγων
2522 3252 2648 3327 τὸν
2698 3255 2873 3327 θεὸν
2912 3260 3023 3325 καὶ
3070 3253 3197 3326 τὸν
3240 3258 3319 3325 ἐν

431 3378 452 3395 ·
539 3381 549 3394 ·
615 3436 658 3463 Ν
699 3350 885 3441 αὐτῷ
949 3352 1162 3441 λόγον
1213 3360 1324 3424 καὶ
1379 3352 1460 3424 τὸ
1505 3348 1701 3443 ἅγιον
1742 3362 2019 3443 πνεῦμα.
2106 3351 2224 3425 εἶτ’
2288 3359 2609 3427 ἐντεῦθεν
2668 3354 2959 3445 μεταβὰς
3018 3359 3127 3426 ἐπὶ
3190 3354 3316 3437 τὰς
3350 3374 3382 3426 5

543 3446 588 3537 ’,
641 3499 653 3513 ι
703 3450 1167 3535 άποστολικάς
1196 3460 1346 3541 περὶ
1379 3457 1503 3523 τοῦ
1534 3459 1836 3541 Χριστοῦ
1866 3463 2244 3542 θεολογίας,
2290 3452 2501 3526 πάλιν
2531 3451 2971 3543 διαστρόφοις
3000 3459 3321 3542 κέχρηται

537 3545 544 3558 ’
599 3567 667 3621 30
702 3552 1096 3641 ἑρμηνείαις.
1181 3559 1308 3625 τοῦ
1368 3552 1494 3641 γὰρ
1545 3560 1742 3624 θείου
1793 3550 2189 3625 ἀποστόλου
2232 3561 2737 3642 θεολογοῦντος
2780 3551 3144 3643 διαρρήδην
3189 3549 3323 3623 τὸν

701 3651 850 3721 υἱὸν
894 3657 1019 3721 τοῦ
1061 3658 1230 3722 θεοῦ
1273 3658 1383 3721 καὶ
1427 3657 1749 3740 λέγοντος
1807 3649 1921 3736 »ὅς
1966 3657 2152 3724 ἐστιν
2196 3655 2401 3724 εἰκών
2447 3660 2573 3725 τοῦ
2620 3659 2786 3724 θεοῦ
2830 3659 2956 3724 τοῦ
3000 3649 3321 3740 ἀοράτου.

702 3748 1154 3837 πρωτότοκος
1197 3747 1414 3839 πάσης
1475 3759 1784 3837 κτίσεως,
1849 3746 1959 3823 ὅτι
2020 3756 2092 3822 ἐν
2146 3748 2334 3843 αὐτῷ
2380 3757 2662 3843 ἐκτίσθη
2708 3752 2793 3825 τὰ
2837 3750 3069 3824 πάντα
3112 3749 3199 3823 τά
3246 3782 3320 3824 τε

703 3853 777 3919 ἐν
821 3868 968 3931 τοῖς
1012 3846 1326 3936 οὐρανοῖς
1369 3856 1482 3923 85*
1538 3859 1649 3921 καὶ
1715 3852 1800 3923 τὰ
1862 3856 1969 3922 ἐπὶ
2033 3859 2155 3941 τῆς
2208 3859 2355 3941 γῆς,
2418 3858 2553 3923 εἴτε
2596 3848 2811 3940 ὁρατὰ
2858 3857 2991 3923 εἴτε
3038 3850 3321 3941 α’όρατα,

705 3952 838 4018 εἴτε
883 3946 1131 4038 θρόνοι
1175 3954 1310 4021 εἴτε
1353 3947 1750 4039 κυριότητες
1793 3956 1925 4021 εἴτε
1974 3948 2161 4040 α’ρχαὶ
2212 3956 2346 4023 εἴτε
2376 3956 2691 4038 ἐξουσίαι·
2734 3948 2963 4023 πάντα
2993 3949 3073 4022 δι’
3108 3948 3325 4022 αὐτοῦ

601 4063 667 4117 35
703 4056 816 4119 καὶ
859 4054 948 4131 εἰς
995 4044 1207 4119 αὐτὸν
1253 4052 1576 4120 ἔκτισται·
1646 4058 1757 4121 καὶ
1808 4047 2014 4133 αὐτός
2068 4056 2251 4123 ἐστιν
2295 4052 2429 4139 πρὸ
2472 4050 2766 4123 πάντων
2806 4058 2917 4123 καὶ
2961 4050 3049 4122 τὰ
3091 4047 3326 4123 πάντα

704 4150 778 4218 ἐν
825 4144 1012 4236 αὐτῷ
1057 4153 1518 4236 συνέστηκενι,

875 4369 912 4424 5
950 4368 1070 4422 Joh.
1110 4370 1207 4431 1,3
1243 4398 1310 4407 —
1346 4370 1383 4425 6
1422 4366 1542 4425 Kol.
1581 4372 1714 4435 1,16
1749 4399 1815 4410 -
1855 4370 1933 4426 14
1970 4370 2107 4440 Eph.
2126 4372 2175 4435 4,
2196 4372 2244 4425 5.
2284 4372 2316 4427 6
2351 4400 2416 4410 -
2454 4371 2531 4427 1ss
2564 4370 2703 4443 Eph.
2738 4375 2788 4437 4,
2824 4372 2949 4427 6-
2984 4372 3035 4425 11
3072 4373 3324 4439 Kor.1‚3

705 4486 756 4523 u.
793 4474 842 4523 ὃ.
879 4498 944 4508 -
985 4470 1056 4525 17
1099 4470 1220 4524 Joh.
1259 4473 1308 4533 1,
1346 4472 1412 4525 18
1445 4500 1512 4509 —
1549 4472 1625 4527 21
1665 4472 1788 4526 Joh.
1829 4474 1873 4524 1.
1913 4474 1945 4527 3
1988 4502 2055 4511 —
2110 4472 2247 4529 2611
2276 4472 2388 4541 vgl.
2424 4470 2517 4526 Nr.
2554 4474 2621 4529 60
2656 4502 2721 4513 -·
2758 4474 2835 4531 31
2874 4474 2998 4528 Kol.
3038 4477 3084 4541 1,
3120 4476 3323 4530 15—17

881 4670 956 4726 19
995 4666 1148 4723 αι”τῶ
1185 4670 1280 4737 V*,
1320 4688 1454 4725 corr.
1492 4672 1569 4723 V2
1615 4673 1622 4738 Ι
1673 4673 1748 4728 22
1785 4654 1901 4740 τῆς
1920 4668 2087 4742 ἁγίας
2122 4674 2221 4728 καὶ
2254 4676 2563 4742 καθολικῆς
2600 4669 2899 4743 ἐκκλησίας
2918 4676 2983 4738 V,
3016 4692 3152 4729 corr.
3182 4676 3253 4729 Kl
