3694 5582
1153 503 1222 558 de
1257 504 1630 560 ecelesiastica
1661 503 1949 573 theologia.
1981 503 2033 557 II
2068 504 2285 560 10—12.
2913 511 3029 576 113

539 669 678 754 (Νι.
709 673 814 752 46)
860 659 899 736 6
945 670 1017 736 δὲ
1061 663 1240 756 ἱερὸς
1283 661 1670 751 ἄπόστολός
1699 696 1774 738 τε
1811 674 1925 737 καὶ
1954 665 2266 757 μαθητὴς
2294 672 2422 736 τοῦ
2450 671 2686 754 κυρίου
2714 663 3031 757 Ἰωάννης

537 773 776 852 σαφῶς
835 769 1012 854 <καὶ>
1075 765 1444 858 διαρρήδην
1506 772 1582 838 ἐν
1627 764 1796 856 ἀρχῇ
1858 773 1986 838 τοῦ
2028 762 2444 856 Εύαγγελίου
2505 764 2869 852 διδάσκων,
2933 798 3029 853 ως
3110 775 3117 784 ’

535 859 1000 955 ἀγνοούμενον
1041 869 1118 936 ἐν
1159 860 1562 954 ἀνθρώποις
1603 865 1974 956 πρότερον,
2038 861 2250 954 λόγον
2313 864 2527 938 αὐτὸν
2587 872 2714 938 τοῦ
2772 895 3028 940 παντο-

535 961 875 1054 κράτορος
917 959 1296 1054 ὀνομάζων,
1342 994 1570 1050 ουτως
1613 969 1742 1055 ἔφη
1793 970 1905 1037 »ἐν
1946 961 2115 1054 ἀρχῇ
2158 969 2245 1056 ἠν
2275 961 2313 1036 6
2346 963 2567 1056 λόγος,
2612 974 2725 1038 καὶ
2754 963 2793 1038 6
2824 965 3029 1055 λόγος

303 1079 338 1133 5
537 1055 626 1153 ἦν
665 1062 838 1154 πρὸς
881 1063 1008 1136 τὸν
1050 1063 1242 1151 θεόν,
1287 1073 1401 1137 καὶ
1442 1065 1606 1147 θεὸς
1649 1058 1738 1156 ἦν
1781 1061 1820 1136 6
1866 1062 2130 1154 λόγοςι.
2204 1063 2286 1137 οὖ
2326 1073 2443 1158 μιᾷ
2486 1073 2818 1159 μαρτυρίᾳ
2858 1067 3029 1156 χρώ-

536 1192 738 1253 μενος
781 1162 913 1254 τὴν
957 1161 1311 1252 ἀιδιότητα
1355 1173 1658 1256 σημαίνει
1699 1172 1827 1237 τοῦ
1870 1162 2095 1254 λόγου.
2856 1241 2865 1260 ι

407 1268 520 1333 καὶ
562 1260 770 1336 πάλιν
814 1271 1022 1354 φησὶν
3060 1293 3097 1345 4

539 1365 678 1449 (Nr.
720 1371 826 1449 48)
893 1370 1112 1453 τρισὶν
1177 1363 1586 1455 ἐπαλλήλοις
1643 1373 2036 1455 μαρτυρίαις
2086 1365 2437 1454 χρώμενος
2488 1365 2621 1456 τὴν
2671 1362 3029 1457 ἀιδιότητα

539 1467 664 1534 τοῦ
707 1461 920 1551 λόγου
963 1462 1304 1535 δεικνύναι
1346 1463 1680 1550 βούλεται.

305 1583 376 1637 10
407 1568 522 1632 καὶ
565 1553 766 1644 αὖθις
808 1566 1099 1652 ἐπιλέγει

537 1664 674 1749 (Nr.
719 1667 826 1751 47)
869 1658 957 1734 ἵν’
997 1666 1072 1734 ἐν
1113 1670 1237 1754 μὲν
1280 1670 1383 1753 τῷ
1431 1669 1641 1754 φῆσαι
1692 1666 1804 1734 »ἐν
1847 1659 2017 1753 α’ρχῆ
2047 1654 2135 1753 ἦν
2166 1657 2203 1734 6
2236 1659 2475 1752 λόγοςι
2527 1668 2707 1752 δείξῃ
2750 1661 3031 1755 δυνάμει

536 1763 611 1832 ἐν
654 1769 756 1852 τῷ
799 1770 1012 1851 πατρὶ
1057 1765 1228 1834 εἶναι
1272 1762 1402 1835 τὸν
1444 1760 1654 1852 λόγον
1685 1759 1880 1852 (ἀρχὴ
1923 1761 2049 1853 γὰρ
2094 1758 2431 1834 ἁπάντων
2460 1771 2609 1834 τῶν
2635 1761 3030 1854 γεγονότων

537 1855 576 1931 6
619 1833 782 1944 θεός
832 1868 940 1950 »ἐξ
983 1855 1064 1934 οῦ
1108 1863 1197 1934 τὰ
1238 1860 1564 1951 animm),
1626 1866 1703 1933 ἐν
1757 1868 1828 1932 δὲ
1872 1869 1975 1952 τῷ
2027 1869 2173 1934 »καὶ
2218 1857 2257 1934 6
2302 1861 2509 1951 λόγος
2551 1854 2639 1952 ἦν
2682 1863 2858 1953 πρὸς
2901 1864 3029 1937 τὸν

536 1959 744 2032 θεὸν
805 1971 816 2045 Ι
869 1965 1168 2055 ἐνεργείᾳ
1209 1961 1384 2051 πρὸς
1427 1961 1555 2033 τὸν
1596 1959 1768 2032 θεὸν
1811 1964 1985 2033 εἶναι
2028 1961 2156 2034 τὸν
2199 1960 2408 2051 λόγον
2449 1960 2739 2048 (manta
2784 1962 2911 2052 γὰρ
2941 1963 3025 2037 δι’
3063 1977 3270 2048 51119

301 2081 372 2134 15
533 2056 746 2132 αύτοῦ
789 2065 1076 2148 ἐγένετο,
1121 2068 1232 2134 καὶ
1275 2068 1480 2150 χωρὶς
1525 2057 1739 2132 αὐτοῦ
1781 2066 2052 2150 ἐγένετο
2096 2067 2209 2135 67¹
2251 2060 2408 2134 οὐδὲ
2454 2063 2620 2149 ἔνι),
2684 2067 2758 2133 ἐν
2802 2071 2875 2136 δὲ
2920 2073 3023 2155 τῷ

536 2157 708 2231 θεὸν
751 2162 924 2232 εἶναι
967 2161 1096 2234 τὸν
1137 2159 1348 2251 λόγον
1392 2165 1728 2250 εἰρηκέναι
1770 2159 1860 2250 μὴ
1906 2167 2184 2282 διαιρεῖν
2228 2160 2358 2251 τὴν
2401 2158 2729 2251 θεότητα,
2794 2162 3023 2255 ἐπειδὴ

534 2253 844 2382 ‘3‹²‘3⁷⁰‘³
865 2289 944 2332 τε
985 2266 1061 2332 ἐν
1105 2258 1298 2351 αυτῷ
1341 2269 1458 2332 καὶ
1497 2256 1705 2344 αὐτὸς
1747 2263 1825 2331 ἐν
1862 2267 1965 2351 τῷ
1998 2257 2206 2350 λόγῳ·
2274 2265 2386 2331 »ἐν
2412 2265 2593 2350 ἐμοὶ(
2644 2258 2771 2350 γάρ
2817 2284 3024 2352 φησιν

541 2353 616 2430 »6
658 2357 905 2451 πατήρ,
949 2356 1137 2450 κᾶγώ
1183 2364 1257 2432 ἐν
1300 2368 1404 2452 τῷ
1449 2368 1732 2483 affatos«.

411 2455 522 2528 διὰ
567 2457 926 2532 τοσούτων
969 2457 1368 2549 Μάρκελλος
1418 2459 1550 2550 τὴν
1600 2455 1977 2532 υπόστασιν
2038 2465 2167 2531 τοῦ
2224 2466 2637 2550 μονογενοῦς
2696 2463 2847 2532 υἱοῦ
2897 2467 3025 2533 τοῦ

303 2575 374 2630 20
409 2563 580 2630 θεοῦ
631 2553 953 2644 ἀναιρῶν,
1015 2557 1143 2630 τὸν
1202 2570 1400 2633 θετον
1442 2556 1924 2649 εῦαγγελιστὴν
1970 2563 2091 2648 τῆς
2135 2560 2383 2630 ἑαυτοῦ
2422 2565 2823 2647 κακοδοξίας
2864 2589 3025 2650 μαρ-

410 2654 712 2745 τύρεται,
780 2688 878 2741 ως
939 2654 1138 2730 ουδὲν
1200 2659 1436 2747 ἕτερον
1497 2657 1710 2732 αῦτόν
1769 2655 2219 2748 ἐπιστάμενον
2276 2654 2321 2748 ἢ
2383 2655 2619 2748 λόγον,
2684 2665 2857 2731 ποτὲ
2898 2667 3024 2748 μὲν

409 2759 818 2846 ἐνεργοῦντα
862 2757 1112 2831 ἄλλοτε
1156 2763 1230 2830 δὲ
1273 2754 1694 2849 ἡσυχάζοντα
1737 2761 1814 2830 ἐν
1855 2765 1959 2849 τῷ
2004 2765 2152 2851 θεῷ
2196 2765 2309 2830 καὶ
2354 2754 2553 2831 οῦδὲν
2582 2753 2890 2850 ἕτερον’
2849 2788 3021 2833 οντα

408 2850 452 2943 ἢ
497 2852 710 2928 αὐτὸν
754 2856 882 2930 τὸν
925 2856 1114 2930 θεόν.

573 2962 656 3031 12
705 2966 932 3029 καίτοι
990 2952 1030 3031 6
1089 2963 1292 3049 μέγας
1353 2955 1820 3047 εύαγγελιστὴς
1883 2950 2019 3047 ἅμα
2076 2966 2189 3029 καὶ
2246 2953 2579 3045 θεολόγος
2638 2966 2879 3049 τρίτον
2944 2962 3020 3030 ἐν
3056 2974 3145 3036 ὅτι
3224 2974 3257 3049 ἦ
3309 2977 3391 3048 ὣς

301 3076 370 3132 25
407 3051 642 3147 ταύτῷ
686 3056 1147 3147 μνημονεύσας
1191 3064 1318 3129 τοῦ
1360 3055 1590 3145 λόγου,
1635 3052 1778 3129 οὐδ’
1823 3048 2005 3143 απαξ
2048 3062 2312 3147 εἴρηκεν
2349 3054 2565 3129 αὐτὸν
2591 3065 2764 3129 θεοῦ
2793 3054 3020 3147 λόγον.
3055 3115 3123 3170 Μ
3132 3002 3323 3188 ἐᾷἷῧ

407 3152 490 3227 οὗ
541 3154 668 3245 γὰρ
711 3158 924 3229 εἶπεν·
966 3160 1040 3227 ἐν
1085 3152 1253 3245 αρχῇ
1296 3148 1382 3246 ἦν
1426 3153 1465 3229 6
1510 3162 1638 3230 τοῦ
1680 3163 1850 3227 θεοῦ
1893 3152 2113 3245 λόγος,
2160 3153 2308 3229 ἀλλ’
2339 3153 2679 3245 ἀορίστως
2712 3163 2823 3229 »ἐν
2854 3156 3020 3249 ἀρχῇ
3057 3183 3089 3239 ὁ
3118 3136 3341 3255 αεῖαγγ
3328 3138 3393 3240 “2-

407 3246 493 3343 ἦν
554 3249 592 3325 6
656 3253 930 3345 λόγοςι,
991 3252 1150 3346 ημῖν
1190 3257 1598 3328 καταλιπών
1642 3267 1871 3344 ζητεῖν
1914 3252 2152 3339 ὁποῖος
2196 3248 2282 3345 ἦν
2339 3251 2557 3342 λόγος.
2643 3266 2779 3380 καὶς
2811 3256 3022 3331 πάλιν
3056 3253 3244 3321 λῑπῆς
3290 3254 3391 3339 '‘Q‘'

412 3363 560 3427 »καὶ
604 3350 641 3426 6
688 3352 893 3445 λόγος
937 3347 1024 3445 ἦν
1065 3352 1238 3443 πρὸς
1281 3354 1408 3429 τὸν
1449 3353 1655 3427 θεὸν
1693 3357 1879 3427 εἶπεν
1910 3352 2281 3444 δυνάμενος
2310 3362 2542 3427 εἰπεῖν·
2587 3364 2698 3427 καὶ
2742 3353 2779 3428 6
2818 3356 3024 3447 λόγος
3057 3322 3233 3458 λῗξιξξ,
3256 3328 3390 3442 ἕξεί.

408 3460 536 3527 τοῦ
586 3461 758 3528 θεοῦ
791 3447 944 3577 Ηῆν
948 3458 1024 3525 ἐν
1067 3462 1170 3547 τῷ
1217 3462 1379 3545 θεῷ.
1447 3451 1625 3527 αλλὰ
1682 3463 1795 3527 καὶ
1861 3460 2074 3544 »(καὶ>
2134 3456 2300 3537 θεὸς
2342 3446 2431 3543 ἦν
2474 3450 2513 3526 6
2557 3451 2795 3545 λόγος(
2848 3454 3019 3546 ούχί·
3059 3456 3263 3524 λογίαν
3282 3452 3393 3521 ἕξέ·

300 3574 372 3629 30
405 3560 518 3625 καὶ
563 3562 734 3627 θεοῦ
775 3547 862 3645 ἦν
907 3550 944 3626 6
991 3528 1220 3643 λόγός,
1284 3558 1440 3643 ἔφη,
1503 3558 1616 3625 ἵνα
1674 3553 1766 3645 μὴ
1811 3561 1940 3626 τοῦ
1981 3560 2151 3627 θεοῦ
2192 3553 2531 3644 ἐνέργειᾶν
2575 3582 2731 3626 τινα
2776 3577 3022 3646 σημαν-
3144 3526 3301 3580 9⁸⁸⁰

409 3650 611 3744 τικήν
655 3682 846 3737 τινος
889 3649 932 3743 ἢ
975 3651 1343 3744 ποιητικὴν
1388 3656 1559 3725 εἶναι
1601 3650 1816 3726 αὐτὸν
1858 3650 2325 3745 ὑπολάβωμεν.
2410 3648 2449 3725 6
2494 3654 2575 3743 δὴ
2620 3651 3022 3744 Μάρκελλος
3054 3672 3089 3727 2

409 3758 670 3842 οἰηθεὶς
715 3752 933 3826 ἀίδιον
985 3756 1159 3825 εἶναι
1219 3751 1434 3825 αὐτὸν
1494 3760 1622 3824 τοῦ
1681 3760 1852 3826 θεοῦ
1910 3750 2149 3843 λόγον,
2211 3761 2569 3829 τουτέστιν
2630 3751 3022 3845 ἀγέννητον,

407 3847 744 3935 πολλάκις
803 3850 1128 3941 ὦρίσατο·
1205 3850 1288 3925 ού
1347 3860 1655 3942 συνορῶν
1717 3847 1829 3925 ὅτι
1888 3858 1945 3924 εἰ
2003 3860 2127 3943 μὲν
2188 3855 2423 3943 ἕτερον
2484 3859 2611 3927 τοῦ
2668 3860 2839 3925 θεοῦ
2898 3853 3026 3928 τὸν

411 3949 623 4041 λόγον
667 3949 918 4040 φάσκοι
961 3952 1080 4024 δύο
1127 3955 1315 4024 ἔσται
1357 3949 1538 4025 α’ίδια
1579 3947 1644 4041 (6
1688 3948 1893 4042 λόγος
1934 3960 2048 4024 καὶ
2090 3948 2129 4025 6
2174 3950 2362 4041 θεός)
2415 3962 2529 4025 καὶ
2572 3949 2794 4025 οὐκέτ’
2838 3956 3025 4025 ἔσται

582 4176 624 4231 4
657 4174 780 4231 Joh.
817 4180 865 4242 1,
904 4178 934 4230 1
971 4204 1038 4215 —-
1082 4175 1155 4231 11
1193 4174 1317 4231 Joh.
1356 4177 1404 4241 1,
1441 4177 1471 4229 1
1509 4204 1576 4213 —
1613 4174 1690 4230 18
1727 4176 1752 4228 1
1785 4174 1917 4229 Kor.
1952 4176 2002 4241 8,
2039 4179 2071 4231 6
2108 4204 2173 4215 -
2207 4174 2331 4232 Joh.
2369 4180 2418 4242 1,
2455 4179 2485 4231 1
2520 4204 2587 4215 —
2634 4176 2713 4231 14
2748 4176 2871 4231 Joh.
2907 4180 2955 4241 1,
2992 4176 3026 4231 3

411 4304 480 4315 —
520 4275 598 4333 10
630 4274 756 4331 Joh.
791 4281 842 4347 1,
878 4280 907 4332 1
944 4306 1012 4316 —-
1050 4277 1120 4331 17
1162 4276 1285 4331 Joh.
1321 4276 1404 4339 10,
1441 4274 1509 4329 38
1544 4303 1609 4314 —
1656 4274 1732 4330 21
1772 4277 1885 4347 vgl.
1921 4276 2014 4331 Nr.
2048 4279 2133 4333 42.
2164 4278 2233 4333 43
2267 4294 2398 4333 usw.
2434 4306 2503 4317 —
2536 4276 2613 4332 26
2646 4276 2768 4333 Joh.
2805 4281 2853 4347 1,
2890 4282 2918 4332 1
2956 4307 3025 4318 —

415 4376 490 4433 28
523 4376 647 4434 Joh.
686 4381 734 4444 1,
768 4383 797 4433 1
836 4410 902 4417 -
940 4376 1020 4435 29
1056 4378 1179 4433 Joh.
1216 4380 1264 4441 1,
1302 4381 1331 4432 1
1365 4406 1436 4417 -
1471 4376 1550 4432 88
1584 4377 1696 4446 vgl.
1731 4376 1826 4433 Nr.
1863 4377 1932 4433 28
1965 4396 2018 4433 u.
2054 4383 2103 4433 ὅ.

581 4578 620 4635 2
672 4580 771 4635 καὶ
806 4578 934 4634 and.
969 4578 1046 4634 St.
1110 4579 1122 4648 Ι
1187 4581 1264 4635 16
1295 4576 1439 4635 θεὸν
1475 4576 1600 4632 and.
1637 4578 1714 4633 st.
1748 4582 1839 4636 θῶ
1878 4580 1927 4634 V
1961 4580 2059 4634 καὶ
2093 4576 2237 4635 θεὸν
2270 4590 2355 4632 mr
2410 4580 2419 4646 Ι
2485 4578 2564 4634 29
2600 4578 2700 4633 καὶ
2734 4578 2809 4633 ΚΙ
2872 4579 2881 4648 Ι
2945 4577 3021 4634 81

413 4676 802 4752 ὑπολάβοιμεν
835 4698 894 4735 m
955 4682 966 4749 Ι
1031 4680 1108 4735 82
1146 4677 1340 4751 αὐτὸν]
1375 4680 1414 4735 1.
1449 4677 1594 4735 vav?

525 4766 766 4810 Eusebius
791 4764 873 4810 lv,
2517 4764 2553 4819 3
