3694 5582
1353 507 1546 560 eontra
1577 501 1900 556 Marcellum
1936 502 1961 555 I
2000 505 2046 556 1.
2952 511 2991 572 5

363 669 575 752 θῆναι
619 671 732 734 καὶ
775 661 1158 754 ὑποστῆναι
1199 673 1310 736 καὶ
1354 665 1571 755 μόνον
1613 665 1765 739 υἱὸν
1805 670 2143 753 μονογενῆ
2190 665 2360 737 εἶναι
2402 664 2775 752 πιστεύειν,
2822 664 2993 738 θεόν

363 791 440 834 τε
487 759 701 835 αὐτὸν
753 759 849 846 ώς
904 761 1188 854 άληθῶς
1243 764 1394 837 υἱὸν
1441 760 1614 838 ὄντα
1651 772 1820 838 θεοῦ
1862 773 2234 853 γνωρίζειν.
2320 771 2378 835 εἰ
2421 765 2503 854 δὴ
2547 758 2672 836 οὖν
2717 765 2989 850 τούτοις
3029 781 3096 836 18

361 869 486 952 μὲν
530 859 913 953 ἀντιλέγων
959 895 1063 947 τις
1108 871 1446 952 φαίνοιτο,
1494 864 1702 955 λόγον
1747 871 1818 936 δὲ
1864 870 2032 936 θεοῦ
2064 860 2316 952 ὁμοίως
2346 870 2447 952 τῷ
2480 870 2555 935 ἐν
2582 861 2990 954 ἀνθρώποις

364 969 622 1034 τοῦτον
668 959 996 1052 ὁρίζοιτο,
1059 969 1245 1052 <πῶς
1298 962 1422 1038 οὖκ
1477 964 1561 1036 ἂν
1604 969 1983 1054 ἐλέγχοιτο>
2036 961 2160 1035 οὐκ
2214 969 2481 1036 ἐννοῶν
2538 961 2691 1036 οὐδὲ
2735 963 2992 1054 λογιζό-

293 1077 326 1128 5
363 1091 564 1152 μενος
626 1061 724 1146 ώς
785 1059 986 1135 οὐδὲν
1051 1065 1179 1154 χρὴ
1241 1065 1513 1156 θνητὸν
1579 1063 1733 1138 οὐδὲ
1797 1062 2249 1152 ἀνθρώπινον
2308 1070 2409 1152 τῷ
2474 1068 2781 1136 ἐπέκεινα
2842 1073 2993 1137 τῶν

365 1157 558 1234 ὅλων
609 1160 1010 1235 ἀνατιθέναι
1073 1172 1248 1254 θεῷ,
1311 1163 1463 1236 ουδ’
1527 1160 1705 1247 ολως
1759 1195 1826 1235 τι
1880 1172 2028 1235 τῶν
2090 1170 2181 1245 εἰς
2234 1162 2568 1253 ἡμετέραν
2621 1163 2995 1254 ἐνθύμησιν

367 1259 735 1346 ἀνιόντων,
779 1291 912 1334 καν
956 1269 1024 1335 αἱ
1053 1275 1237 1334 θεῖαι
1280 1272 1554 1354 γραφαί,
1602 1262 1831 1354 ω’σπερ
1879 1262 2070 1346 τινὰς
2115 1271 2397 1352 νηπίους
2439 1268 2993 1352 παιδαγωγοῦσαι

365 1363 530 1443 τούς
559 1361 1120 1452 ἐντυγχάνοντας,
1167 1361 1806 1452 ἀνθρωπικώτερον
1835 1370 1985 1452 περὶ
2022 1359 2233 1434 αὐτοῦ
2262 1369 2729 1451 διαλέγωνται,
2770 1383 2995 1452 χεῖρας

367 1459 558 1552 αὐτῷ
601 1471 716 1534 καὶ
757 1460 977 1545 πόδας
1018 1471 1132 1534 καὶ
1179 1459 1587 1554 ὀφθαλμοὺς
1623 1471 1730 1536 καὶ
1767 1462 2009 1552 φωνὰς
2047 1470 2157 1532 καὶ
2206 1460 2450 1552 λόγους
2478 1472 2590 1534 καὶ
2621 1462 2836 1554 στόμα
2878 1474 2992 1536 καὶ

261 1573 330 1625 10
364 1559 751 1650 πρόσωπον
779 1569 888 1634 καὶ
919 1571 1120 1652 μυρία
1151 1563 1646 1650 ἄλλατοιαῦτα
1675 1562 2191 1653 περιάπτουσαι·
2238 1560 2281 1633 ἃ
2326 1563 2405 1652 δὴ
2437 1562 2765 1654 προσήκει
2792 1592 2990 1652 μετα-

368 1669 600 1748 φέρειν
630 1667 740 1733 ἑπὶ
771 1673 1176 1751 θεοπρεπεῐς
1207 1669 1489 1746 ἐννοίας,
1537 1662 1736 1736 οὐδὲν
1781 1661 2047 1753 θνητὸν
2090 1658 2242 1733 οὐδ’
2289 1659 2742 1751 ἀνθρώπινον
2783 1668 2856 1735 ἐν
2886 1671 2991 1753 τῷ

366 1769 514 1852 θεῷ
547 1765 717 1834 εἶναι
749 1771 1328 1853 φανταζομένους·
1365 1770 1697 1853 »πνεῦμαι
1732 1764 1858 1853 γὰρ
1894 1759 1968 1834 »6
1998 1761 2180 1846 θεός,
2210 1769 2322 1833 καὶ
2339 1763 2501 1846 τοὺς
2530 1770 2985 1851 προσκυνοῦν-

368 1891 492 1944 τας
524 1859 738 1933 αὖτὸν
766 1867 840 1934 ἐν
870 1862 1202 1952 πνεύματι
1245 1872 1356 1933 καὶ
1386 1861 1672 1955 ἀληθείᾳ
1704 1868 1802 1934 δεῖ
1843 1881 2310 1949 προσκυνεῑνι,
2359 1859 2565 1944 αὐτὸς
2609 1866 2909 1948 ἐδίδαξεν
2952 1857 2991 1934 6

368 1959 615 2051 σωτήρ.
703 1967 762 2032 εἰ
805 1966 876 2033 δὲ
919 1970 1207 2051 πνεῦμα,
1271 1969 1483 2052 δῆλον
1536 1958 1645 2035 ὅτι
1689 1975 1915 2048 θετον,
1977 1981 2292 2051 κρεῖττον
2348 1961 2613 2045 παντὸς
2659 1969 2992 2052 αἰσθητοῦ
3031 1975 3097 2029 19

265 2073 330 2124 15
367 2069 480 2131 καὶ
523 2067 860 2134 συνθέτου
905 2063 1239 2152 σώματος,
1285 2061 1382 2146 ώς
1425 2061 1595 2154 μήτε
1639 2062 1850 2153 λόγον
1878 2060 2216 2150 αἰσθητὸν
2257 2066 2448 2150 ἔχειν,
2492 2059 2629 2133 ὑπὸ
2674 2065 2991 2152 γλώττης

369 2159 824 2251 ἐξηχούμενον
881 2170 993 2233 καὶ
1054 2162 1163 2234 διὰ
1223 2170 1585 2252 προφορᾶς
1643 2175 1930 2252 θνητοῖς
1995 2159 2163 2234 ώσὶν
2232 2161 2752 2248 ἑξακουόμενον,
2823 2158 2991 2250 μήτε

367 2269 690 2348 γλῶτταν
734 2258 904 2351 μήτε
947 2261 1194 2351 φωνὴν
1252 2260 1422 2353 μήτε
1480 2261 1861 2349 πρόσωπον
1918 2259 2089 2353 μήτε
2150 2267 2282 2350 <τι>
2345 2261 2513 2332 ἄλλο
2576 2267 2818 2350 θνητῷ
2878 2266 2992 2330 καὶ

367 2356 801 2450 ἀνθρωπίνῳ
849 2368 1148 2452 λογισμῷ
1194 2359 1814 2484 παραβαλλόμενον.
1903 2365 1961 2432 εἰ
2004 2358 2129 2450 γάρ
2173 2389 2241 2431 τι
2285 2361 2455 2432 ἄλλο
2509 2354 2582 2430 »6
2629 2355 2991 2447 ὀφθαλμὸς
3026 2377 3099 2431 20

367 2457 494 2532 οὐκ
539 2462 714 2532 εἶδεν
757 2457 914 2531 ουδὲ
959 2491 1077 2544 ους
1119 2459 1432 2550 ἤκουσεν,
1480 2458 1634 2533 ουδὲ
1678 2465 1786 2532 ἐπὶ
1828 2465 2113 2550 καρδίαν
2156 2457 2539 2548 ἀνθρώπου
2576 2456 2701 2530 οὐκ
2744 2457 2984 2547 ἀνέβη(

261 2575 331 2629 20
367 2557 628 2631 τοιαῦτ’
692 2561 861 2631 εἶναι
921 2558 999 2630 »ἃ
1051 2557 1418 2650 ἡτοίμασεν
1474 2556 1510 2632 6
1558 2559 1720 2644 θεὸς
1765 2580 1910 2642 τοῖς
1972 2556 2326 2648 ἀγαπῶσιν
2388 2556 2635 2631 αὐτὸν(
2703 2555 2740 2631 6
2801 2571 2992 2642 θεῖος

365 2661 668 2745 ἐδίδαξεν
713 2656 1124 2744 άπόστολος,
1170 2660 1462 2784 τούτωνε
1491 2657 1826 2732 ἁπάντων
1874 2657 2079 2742 αὐτὸς
2124 2655 2163 2730 6
2206 2660 2486 2731 τούτων
2530 2661 2742 2749 δοτὴρ
2788 2655 2986 2749 ἀρρή-

367 2787 518 2829 των
563 2756 648 2831 ἀν
694 2763 792 2851 εἴη
841 2756 1315 2855 άρρητότερος,
1355 2765 1364 2849 Ι
1405 2757 1500 2843 ώς
1543 2767 1784 2849 πολλῷ
1827 2765 2095 2848 μᾶλλον
2142 2755 2603 2849 ἀληθέστερον
2648 2757 2859 2849 φάναι
2903 2758 2988 2831 ἀν
3056 2771 3097 2827 6

371 2864 443 2929 ἐν
487 2867 574 2948 τῇ
615 2867 767 2947 περὶ
811 2856 1027 2932 αὐτοῦ
1071 2867 1392 2951 θεολογίᾳ
1438 2855 1806 2949 ὀφθαλμὸν
1865 2860 1955 2949 μὴ
2014 2862 2389 2947 ἑωρακέναι
2440 2864 2601 2949 μηδὲ
2662 2852 2781 2943 οὖς
2834 2857 2989 2948 ἀκη-

371 2966 605 3030 κοέναι
657 2966 820 3047 μηδὲ
869 2964 1016 3030 »ἐπὶ
1057 2966 1343 3047 καρδίαν
1387 2957 1823 3047 ἀνθρώπων(
1876 2956 2357 3047 ἀναβεβηκέναι
2412 2966 2534 3048 τῆς
2577 2967 2731 3049 περὶ
2777 2958 2993 3031 αυτοῦ

262 3073 330 3127 25
372 3056 824 3147 καταλήψεως
870 3057 1000 3148 τὴν
1043 3067 1316 3147 γνῶσιν.
1381 3054 1418 3129 6
1465 3056 1530 3129 δ’
1577 3056 1782 3142 αυτὸς
1827 3056 1913 3129 ἂν
1957 3062 2058 3145 εἴη
2104 3056 2306 3146 λόγος
2348 3066 2460 3130 καὶ
2502 3068 2657 3149 περὶ
2700 3066 2821 3147 τῆς
2867 3066 2994 3131 τοῦ
3029 3074 3095 3129 21

373 3160 524 3229 υἱοῦ
568 3165 1074 3248 γενεσιουργίας.
1161 3157 1439 3231 τούτων
1483 3154 1548 3227 δ’
1597 3156 1802 3241 αὐτὸς
1847 3154 1885 3230 6
1931 3157 2163 3246 σωτὴρ
2208 3153 2568 3246 ἀξιόχρεως
2616 3155 2860 3247 γένοιτ’
2908 3156 2996 3228 ἂν

371 3253 530 3344 ἡμῖν
583 3254 1022 3347 ἱεροφάντης,
1088 3250 1224 3329 ώδέ
1279 3285 1374 3347 πη
1440 3255 1727 3345 φάσκων
1791 3254 2055 3330 »πάντα
2106 3286 2221 3346 μοι
2270 3255 2624 3347 παρεδόθη
2676 3255 2813 3329 ὐπὸ
2862 3264 2997 3329 τοῦ

368 3352 634 3443 πατρός
688 3385 844 3444 μου,
906 3366 1018 3429 καὶ
1071 3354 1288 3441 οὐδεὶς
1344 3359 1774 3446 ἐπιγινώσκει
1819 3357 1946 3430 τὸν
1988 3356 2139 3427 υἱὸν
2185 3364 2242 3427 εἰ
2284 3356 2373 3447 μὴ
2419 3353 2456 3428 6
2518 3353 2775 3445 πατήρ,
2838 3352 2995 3428 οὐδὲ

375 3454 503 3525 τὸν
547 3462 808 3543 πατέρα
853 3486 958 3539 τις
999 3457 1429 3545 ἐπιγινώσκει
1481 3461 1536 3527 εἰ
1589 3455 1679 3546 μὴ
1722 3453 1760 3527 0‘
1803 3454 2007 3539 vi6c3‹.
2094 3462 2149 3525 εἰ
2210 3456 2291 3546 δὴ
2354 3449 2478 3528 οὖν
2539 3455 2814 3537 τούτοις
2872 3463 2996 3545 μὲν
3032 3480 3101 3533 22

259 3570 334 3623 30
373 3550 910 3646 άντιφθέγγοιτό
955 3586 1060 3639 τις
1103 3564 1212 3626 καὶ
1257 3555 1346 3645 μὴ
1393 3555 1519 3628 τὸν
1570 3553 1750 3637 υἱόν,
1814 3548 1874 3646 ᾧ
1917 3554 2148 3627 πάντα
2190 3561 2584 3642 παρέδωκεν
2646 3551 2682 3626 6
2745 3553 2995 3645 πατήρ,

370 3651 746 3741 ὑφεστάναι
809 3664 1026 3744 λέγειν
1071 3657 1389 3747 τολμῴη,
1454 3655 1665 3745 λόγον
1725 3662 1796 3726 δὲ
1851 3651 2063 3727 αὐτὸν
2117 3650 2416 3743 ὁρίζοιτο
2478 3652 2696 3744 μόνον
2756 3652 2997 3746 ὅμοιον

373 3761 476 3842 τῷ
536 3758 612 3825 ἐν
671 3752 1100 3843 ἀνθρώποις,
1177 3762 1350 3825 ποτὲ
1408 3762 1530 3845 μὲν
1591 3760 1664 3825 ἐν
1724 3762 1825 3844 τῷ
1888 3762 2033 3845 θεῷ
2098 3752 2517 3843 ἡσυχάζοντα
2578 3751 2832 3843 ὁμοίως
2892 3763 2997 3846 τῷ

371 3850 530 3940 παρ’
579 3850 734 3943 ἡμῖν
779 3863 1152 3937 σιωπῶντι,
1197 3864 1371 3927 ποτὲ
1415 3862 1486 3927 δὲ
1530 3862 1940 3945 ἐνεργοῦντα
1982 3861 2087 3944 τῷ
2117 3851 2273 3943 παρ’
2322 3851 2479 3944 ἡμῖν
2523 3859 2599 3925 ἐν
2627 3862 2730 3943 τῷ
2764 3866 2996 3925 λαλεῖν

377 3959 831 4043 φθεγγομένῳ
872 3964 1381 4045 παραπλησίως,
1428 3957 1574 4026 εἶτα
1616 3961 1873 4026 τοῦτον
1919 3952 2131 4026 αὐτὸν
2173 3963 2390 4044 καιρῷ
2437 3984 2575 4026 τινι
2617 3950 2761 4025 οὐδ’
2804 3950 2997 4025 ὅλων

543 4124 582 4178 8
627 4123 738 4192 vgl.
777 4123 869 4179 Nr.
905 4129 972 4181 55
1023 4156 1090 4165 —
1144 4125 1240 4181 7ss
1276 4126 1388 4195 vgl.
1427 4125 1688 4196 Origenes
1723 4126 1816 4180 sel.
1867 4126 1921 4178 in
1970 4126 2102 4180 Gen.
2144 4129 2188 4191 1,
2209 4127 2275 4181 26
2326 4156 2393 4165 —
2450 4127 2525 4181 12
2566 4125 2686 4181 Joh.
2724 4129 2773 4192 4,
2810 4128 2877 4180 24
2930 4156 2993 4165 —

375 4225 451 4282 18
487 4226 512 4278 I
550 4224 674 4281 Kor.
711 4226 815 4292 2,9
851 4256 915 4266 —
953 4226 1273 4283 2311Κοτ.
1311 4230 1359 4294 2,
1395 4230 1429 4284 9
1464 4257 1528 4267 -
1567 4227 1642 4281 27
1683 4227 1880 4282 Matth.
1918 4232 1999 4290 11,
2035 4228 2099 4281 27
2138 4258 2202 4266 -
2241 4228 2385 4283 311ῐ
2415 4227 2525 4296 vgl.
2562 4226 2654 4281 Nr.
2692 4230 2775 4283 55.
2811 4228 2892 4282 56.
2930 4228 3000 4281 92

371 4356 434 4366 —
476 4328 618 4383 3412
645 4328 755 4397 vgl.
793 4327 886 4381 Nr.
924 4329 1038 4383 102.
1078 4330 1174 4385 103

547 4472 578 4527 1
617 4466 763 4541 υἱὸν]
801 4478 865 4535 4-
895 4474 994 4528 καὶ
1015 4491 1070 4526 m
1101 4473 1111 4540 Ι
1139 4473 1182 4528 4
1205 4478 1326 4538 πῶς
1362 4471 1466 4527 οὐκ
1501 4468 1571 4528 ἂν
1608 4470 1900 4543 ἐλέγχοιτο
1926 4473 1996 4525 Kl
2028 4476 2035 4541 Ι
2067 4474 2105 4529 8
2132 4468 2657 4545 ἀνθρωπινώτερον
2678 4472 2742 4535 V,
2770 4490 2903 4527 corr.
2924 4471 2999 4525 Kl

369 4574 482 4645 vgl.
520 4573 674 4635 s.18,
693 4574 760 4628 23
799 4574 808 4642 Ι
847 4574 886 4629 9
923 4574 1179 4643 στόματα
1205 4574 1272 4642 V,
1309 4592 1444 4629 corr.
1471 4574 1576 4629 We
1605 4577 1616 4643 1
1649 4577 1720 4631 17
1750 4594 1803 4629 τι
1839 4568 1979 4630 ἄλλο
2005 4574 2092 4641 Kl,
2128 4576 2263 4628 εἰη-,9
2300 4574 2404 4628 We
2432 4576 2442 4643 Ι
2475 4575 2552 4629 22
2590 4570 2671 4640 ὼς
2704 4592 2761 4628 m
2798 4570 2861 4639 ὃς
2896 4572 2945 4625 V
2988 4575 2992 4608 ¹

371 4678 451 4733 22
492 4681 670 4745 φᾶναι
689 4674 766 4728 V*
787 4676 926 4744 φαίη
945 4676 1023 4730 V²
1051 4678 1059 4743 Ι
1093 4676 1166 4732 25
1202 4673 1234 4731 ὁ
1271 4671 1327 4729 δ’
1346 4675 1422 4729 V²
1457 4670 1580 4731 οὐδ’
1599 4676 1680 4729 V*
1712 4680 1720 4746 Ι
1753 4677 1826 4731 81
1850 4676 2003 4747 λέγει
2036 4676 2331 4745 τολμῶνν
2353 4672 2605 4745 (τολμώη
2626 4674 2737 4744 V2),
2760 4692 2892 4729 corr.
2916 4676 3001 4729 Ga.
