3694 5582
695 495 724 554 1
739 495 812 554 10
1870 481 2136 538 Eusebius

691 645 1072 736 στησόμενά
1117 675 1192 717 τε
1235 654 1346 717 καὶ
1393 641 1814 734 ἀκουσόμενα
1851 651 2081 716 »δεῦτε
2126 649 2191 717 οἱ
2220 641 2662 735 εὐλογημένοι
2707 651 2835 719 τοῦ
2863 643 3129 736 πατρός
3157 676 3305 736 μου,

688 743 1246 836 κληρονομήσατε
1307 746 1436 836 τὴν
1509 742 2007 835 ἡτοιμασμένην
2076 743 2234 836 ὑμῖν
2302 754 2646 833 βασιλείαν
2716 743 2853 818 ἀπὸ
2924 753 3307 836 καταβολῆς

690 844 1002 936 κόσμουι.
1088 843 1447 916 τοσούτων
1490 853 1728 916 τοίνυν
1769 849 2115 934 ἐσομένων
2156 851 2266 916 καὶ
2312 840 2668 918 ἀθάνατον
2698 846 2887 934 ζωὴν
2918 852 3305 935 ζησομένων
3342 867 3409 920 10

688 945 856 1036 μετὰ
903 945 1028 1018 τὸν
1075 951 1196 1035 τῆς
1239 955 1523 1032 κρίσεως
1566 941 1821 1033 καιρόν,
1870 943 1977 1015 διὰ
2023 953 2090 1015 τί
2132 943 2222 1035 μὴ
2266 943 2603 1034 ἐνεργήσει
2646 941 2685 1014 6
2732 950 2859 1015 τοῦ
2900 951 3072 1016 θεοῦ
3100 943 3304 1034 λόγος

619 1061 651 1112 5
687 1053 798 1116 καὶ
846 1041 1035 1130 τότε;
1096 1042 1319 1117 πόθεν
1379 1050 1450 1116 δὲ
1515 1051 1899 1134 Μαρκέλλῳ
1958 1049 2262 1134 παρέστη
2328 1040 2845 1133 ἀποφήνασθαι,
2909 1074 3020 1116 οτι
3076 1041 3305 1116 οὐκέτι

689 1141 960 1234 λαλήσει
1021 1164 1168 1226 τοῖς
1228 1140 1442 1232 αγίοις
1485 1139 1523 1216 6
1569 1142 1732 1226 θεὸς
1792 1140 1957 1216 τότε
2019 1139 2175 1214 οὐδὲ
2234 1141 2554 1232 χρήσεται
2611 1148 2864 1234 ἐνεργῷ
2929 1151 3031 1235 τῷ
3095 1139 3305 1217 αυτοῦ

688 1242 894 1332 λόγῳ,
943 1239 1092 1316 αλλ’
1141 1248 1345 1328 ἔσται,
1391 1240 1487 1326 ῶς
1529 1252 1642 1315 καὶ
1673 1241 2018 1332 πρότερον
2062 1233 2166 1332 ἦν,
2213 1247 2288 1314 ἐν
2330 1238 2521 1333 αὐτῷ
2568 1251 2857 1314 σιωπῶν
2898 1216 3153 1333 δηλαδὴ
3194 1251 3303 1314 καὶ

688 1340 1070 1432 ησυχάζων;
1123 1351 1335 1416 τοῦτο
1392 1343 1518 1432 γὰρ
1563 1350 1858 1432 παρίστη
1910 1339 2247 1423 πολλάκις
2298 1342 2517 1413 εἰπῶν
2570 1338 2731 1413 τότε
2776 1347 3045 1414 ἔσεσθαι
3088 1341 3302 1417 αὐτὸν

687 1441 782 1524 ῶς
825 1449 936 1514 καὶ
978 1439 1320 1532 πρότερον
1379 1435 1489 1531 ἧν·
1562 1445 1648 1531 ἠν
1699 1449 1770 1512 δὲ
1825 1438 2198 1531 πρότερον,
2275 1438 2371 1522 ῶς
2432 1437 2637 1524 αὐτὸς
2698 1445 2857 1532 ἔφη,
2918 1448 2993 1515 ἐν
3054 1439 3301 1564 ἡσυχία..

585 1561 650 1615 10
686 1539 937 1614 οὐκοῦν
977 1539 1442 1631 ἇποσιωπήσει
1488 1539 1648 1612 τότε
1693 1538 1731 1612 6
1777 1537 1969 1624 θεός,
2032 1539 2165 1625 πρὸ
2229 1539 2487 1613 τούτου
2543 1548 2667 1630 μὲν
2728 1549 2965 1614 λαλῶν
3023 1549 3136 1616 καὶ
3196 1550 3298 1633 τῷ
3336 1563 3400 1614 11

686 1639 871 1731 λόγῳ
915 1641 1260 1730 χρώμενος
1305 1645 1580 1731 ἐνεργῷ,
1629 1638 1790 1712 τότε
1837 1647 1910 1712 δὲ
1954 1635 2102 1710 κατ’
2150 1637 2366 1730 αὐτὴν
2411 1640 2541 1730 τὴν
2585 1645 3082 1732 ἐπηγγελμένην
3122 1652 3299 1728 βασι·

684 1750 870 1813 λείαν
913 1739 1232 1828 οὐρανῶν
1276 1749 1400 1813 τοῦ
1444 1748 1696 1814 οἰκείου
1737 1737 1947 1828 λόγου
1987 1745 2097 1809 καὶ
2142 1745 2267 1828 τῆς
2310 1744 2383 1810 ἐν
2438 1738 2627 1832 αὐτῷ
2676 1747 2787 1815 66‘
2830 1748 3074 1828 σοφίας
3132 1736 3297 1813 ἄπο-

683 1849 948 1928 στερῶν
993 1841 1156 1925 τοὺς
1199 1838 1428 1930 ἇγίους
1472 1837 1699 1912 αὐτοῦ.
1774 1835 1937 1932 ὁρᾷς
1981 1845 2075 1922 εἰς
2120 1837 2273 1910 οἷον
2316 1839 2701 1929 κεχώρηκεν
2728 1839 3037 1931 κρημνὸν
3062 1846 3297 1930 μηδενὶ

679 1948 1072 2032 χειραγωγῷ
1117 1938 1546 2031 χρησάμενος,
1591 1946 1756 2028 μηδὲ
1802 1958 1950 2022 ταῖς
1993 1944 2209 2018 θείαις
2253 1957 2567 2028 γραφαῖς·
2612 1945 2829 2010 ταῦτα
2858 1947 3026 2029 γοῦν
3067 1939 3295 2013 πάντα

581 2059 646 2112 15
684 2037 819 2111 ἀπὸ
864 2047 1018 2128 μιᾶς
1065 2047 1330 2130 φωνῆς,
1393 2037 1478 2128 ἣν
1521 2040 1611 2130 μὴ
1658 2036 2002 2128 νενόηκεν,
2068 2040 2289 2128 ἑαυτῷ
2338 2044 2729 2128 συνέθηκεν.
2820 2036 3061 2111 αὐτίκα
3104 2040 3293 2130 (γὰρ)
3334 2057 3401 2112 12

680 2135 991 2230 χωρήσας
1035 2143 1144 2210 ἐπὶ
1191 2139 1312 2223 τὰς
1357 2134 1732 2224 ἀποδείξεις
1796 2146 1918 2228 τῆς
1980 2142 2131 2220 νέας
2174 2145 2287 2208 καὶ
2328 2143 2567 2226 καινῆς
2620 2135 2977 2229 διαθήκης,
3040 2169 3295 2212 παντα-

679 2235 894 2361 χόθεν>
932 2245 1056 2327 μὲν
1099 2235 1431 2329 ἠλαύνετο
1486 2237 2143 2326 στενοχωρούμενος,
2206 2244 2365 2326 μίαν
2428 2244 2499 2308 δὲ
2558 2235 2782 2328 μόνην
2842 2236 3064 2328 εὖρῶν
3117 2246 3296 2326 λέξιν

679 2346 764 2426 τῇ
809 2335 1040 2410 αυτοῦ
1082 2344 1636 2427 συμβαλλομένην
1677 2343 2069 2427 κακοδοξίᾳ,
2134 2333 2361 2425 ὥσπερ
2416 2345 2581 2408 τινὶ
2602 2339 2989 2427 περιτυχῶν
3044 2341 3293 2429 ἓρμαίῳ
3336 2356 3453 2412 116

680 2436 895 2524 ταύτῃ
937 2435 1114 2527 μόνῃ
1158 2435 1573 2525 συνεπλακη,
1631 2433 1771 2508 οὐδ’
1821 2431 1994 2524 αυτῇ
2038 2441 2111 2508 ἐκ
2154 2434 2533 2524 προσώπου
2577 2443 2703 2508 τοῦ
2746 2443 3055 2526 σωτῆρος
3100 2434 3296 2527 ἡμῶν

575 2551 642 2605 20
678 2540 986 2626 εἰρημένῃ
1031 2532 1181 2610 αλλ’
1229 2542 1302 2607 ἐκ
1334 2536 1710 2626 προσώπου
1739 2542 1867 2607 τοῦ
1898 2532 2387 2623 ευαγγελιστοῦ,
2435 2533 2526 2606 δι’
2560 2566 2638 2627 ης
2668 2533 2883 2609 αυτὸν
2916 2533 3290 2625 ωνόμασεν,

685 2639 793 2706 »ἐν
847 2631 1015 2726 ἀρχῇ
1033 2629 1149 2758 ςἦν
1193 2631 1230 2707 6
1295 2633 1530 2725 λόγος(
1599 2637 1816 2707 εἰπῶν
1885 2642 2029 2705 »καὶ
2075 2631 2113 2706 6
2158 2631 2361 2726 λόγος
2404 2665 2491 2724 ην
2534 2633 2707 2722 πρὸς
2752 2635 2881 2708 τὸν
2924 2633 3119 2721 θεόν,
3180 2646 3291 2709 καὶ

677 2735 840 2818 θεὸς
884 2727 970 2825 ἦν
1015 2731 1052 2808 6
1098 2734 1358 2826 λόγοςι.
1445 2740 1648 2809 ἔνθεν
1707 2742 1874 2825 γοῦν
1936 2731 2257 2825 ὁρμηθεὶς
2318 2765 2415 2817 ως
2466 2742 2674 2825 μηδὲν
2736 2729 2907 2808 ὄντα
2970 2732 3275 2825 ἕτερον
3246 2765 3287 2827 η

675 2832 882 2925 λόγον
927 2830 1166 2925 ὅμοιον
1211 2845 1314 2927 τῷ
1358 2832 1515 2926 παρ’
1564 2833 1720 2926 ἡμῖν
1763 2840 2170 2925 ἐγνωσμένῳ
2216 2834 2345 2907 τὸν
2388 2834 2540 2907 υἱὸν
2582 2831 2944 2926 ηρνήσατο.

840 2942 922 3008 10
963 2943 1187 3007 καίτοι
1230 2933 1313 3008 οὗ
1355 2934 1565 3024 λόγον
1606 2933 1826 3023 μόνον
1868 2931 2075 3017 αυτὸς
2120 2931 2158 3007 6
2202 2941 2403 3025 μέγας
2445 2944 2557 3010 καὶ
2586 2946 2777 3019 θεῖος
2818 2932 3288 3027 ευαγγελιστὴς
3325 2939 3419 3000 ὅτι
3451 2948 3527 3013 μὴ
3566 2943 3643 3011 ὄθ-

570 3052 635 3106 25
672 3042 1014 3124 κέκληκεν,
1060 3066 1156 3117 ως
1197 3033 1530 3119 πολλάκις
1575 3032 1730 3126 ἡμῖν
1773 3040 2050 3124 εἴρηται,
2096 3031 2270 3107 αλλὰ
2312 3042 2425 3106 καὶ
2469 3034 2639 3107 θεὸν
2676 3043 2788 3107 καὶ
2820 3043 2971 3123 φῶς
2998 3042 3109 3107 καὶ
3138 3034 3287 3108 υἱὸν
3356 2998 3649 3136 ἒζῖςτξόῗέ,

667 3142 778 3203 καὶ
842 3141 1197 3224 μονογενῆ·
1272 3132 1487 3207 αυτόν
1539 3166 1614 3207 τε
1670 3134 1796 3207 τὸν
1827 3140 2130 3255 ,σωτῆρα
2184 3138 2440 3222 ἱστορεῖ
2490 3133 2737 3205 εαυτὸν
2799 3131 3283 3207 αποκαλοῦντα
3322 3155 3479 3219 αρχῇ
3526 3146 3589 3215 ἧι
3620 3145 3644 3199 ὁ

669 3231 880 3321 λόγον
903 3240 1046 3354 ’μὲν
1089 3232 1388 3324 ουδαμοῦ
1447 3243 1570 3325 τῆς
1635 3240 1923 3325 γραφῆς,
1988 3230 2083 3304 δι’
2146 3226 2315 3305 ὅλου
2368 3240 2439 3305 δὲ
2494 3241 2618 3306 τοῦ
2671 3230 3057 3323 ευαγγελίου
3100 3234 3286 3324 ζωὴν
3378 3216 3599 3287 '‘3“570

667 3342 779 3405 καὶ
824 3340 975 3421 φῶς
1026 3341 1130 3405 καὶ
1183 3342 1514 3424 μονογενῆ
1567 3340 1678 3404 καὶ
1731 3332 1885 3405 υἱὸν
1945 3339 2115 3405 θεοῦ
2173 3340 2285 3404 καὶ
2348 3330 2682 3424 αλήθειαν
2742 3340 2855 3404 καὶ
2916 3330 3282 3406 ἀνάστασιν

669 3441 779 3503 καὶ
825 3432 1042 3521 ἄρτον
1087 3441 1265 3523 ζωῆς
1307 3441 1418 3505 καὶ
1481 3434 1788 3523 ἄμπελον
1847 3438 1959 3503 καὶ
2002 3439 2294 3522 ποιμένα
2335 3441 2446 3503 καὶ
2497 3441 2700 3522 μυρία
2764 3434 2986 3522 ἕτερα,
3048 3430 3280 3521 ῶσπερ

565 3546 632 3600 30
669 3526 792 3603 οὖν
845 3530 972 3623 ἤδη
1027 3539 1512 3621 προδέδεικται.
1601 3540 1668 3603 τί
1729 3527 1970 3622 δήποτ’
2036 3524 2186 3617 οὖν,
2252 3531 2612 3604 τοσούτων
2674 3527 2931 3617 ὄντων,
2994 3537 3102 3604 ἐπὶ
3160 3540 3281 3622 μὲν
3349 3548 3390 3602 2

673 3640 819 3703 τῶν
862 3640 1129 3707 λοιπῶν
1173 3628 1508 3705 ἁπάντων
1551 3630 1672 3721 οὐχ
1717 3633 1983 3703 ἵσταται
2034 3636 2141 3702 ἐπὶ
2189 3638 2311 3723 τῆς
2356 3640 2601 3719 λέξεως
2646 3632 2776 3722 τὴν
2818 3639 2891 3705 δὲ
2922 3640 3069 3704 τῶν
3096 3642 3279 3723 λεγο-

667 3740 896 3821 μένων
949 3731 1257 3804 διάνοιαν
1309 3743 1888 3820 πολυπραγμονεῖ,
1950 3734 2057 3801 ἐπὶ
2119 3737 2189 3801 δὲ
2246 3728 2466 3821 μόνου
2521 3738 2645 3803 τοῦ
2690 3729 2901 3820 λόγου
2940 3741 3280 3821 κυριολεκ-

667 3840 930 3903 τεῑσθαι
975 3828 1191 3903 αὐτόν
1235 3857 1442 3921 φησιν
1487 3829 1580 3913 ῶς
1626 3828 1824 3902 οὐδὲν
1868 3823 2040 3901 ὄντα
2088 3830 2321 3917 ἕτερον
2363 3826 2407 3920 ἢ
2454 3829 2677 3917 λόγον.
2758 3830 3001 3920 γράφει
3045 3828 3112 3901 δ’
3157 3824 3277 3903 οὖν

663 3926 896 4012 αὐτοῖς
940 3927 1225 4019 ῥήμασιν
1271 3937 1490 4017 λέγων

562 4043 628 4097 35
789 4034 926 4115 (Nr.
971 4036 1076 4118 40)
1129 4027 1212 4103 οὗ
1263 4036 1925 4119 καταχρηστικῶς
1970 4024 2457 4116 ὀνομασθεὶς
2502 4028 2768 4119 λόγος,
2830 4028 2963 4103 κᾶν
3008 4037 3279 4121 διαρρα-

838 4252 868 4305 1
913 4250 1110 4304 Matth.
1154 4252 1235 4313 25,
1273 4254 1338 4305 34
1375 4280 1442 4289 —
1482 4252 1581 4307 ππ
1609 4252 1720 4321 vg1.
1759 4250 1851 4305 Νι.
1891 4252 1990 4305 108
2024 4281 2091 4290 -
2138 4251 2212 4306 21
2253 4251 2376 4307 Joh.
2416 4254 2461 4315 1,
2504 4254 2532 4305 1
2586 4282 2653 4291 -
2708 4251 2786 4306 22
2823 4253 2937 4323 vgl.
2965 4233 3065 4306 ‘Nn
3100 4254 3183 4308 43.
3210 4256 3275 4308 54

663 4368 713 4404 u.
751 4356 799 4405 o.
836 4380 903 4391 —
941 4351 1086 4407 2512
1121 4352 1242 4407 Joh.
1282 4356 1326 4418 1,
1365 4356 1393 4407 1
1431 4383 1498 4391 -
1536 4352 1614 4407 30
1651 4354 1763 4422 vg1.
1799 4354 1849 4407 s.
1887 4354 1971 4418 96,
2006 4354 2129 4407 26ff

840 4554 867 4609 7
910 4549 1063 4607 αὐτῶ
1103 4558 1330 4607 σιωπῶν
1369 4553 1443 4606 V²
1493 4559 1572 4608 τῶ
1611 4551 1762 4609 αὐτῶ
1799 4558 1996 4607 σιωπῶ
2034 4552 2115 4609 V*
2180 4554 2188 4620 Ι
2258 4554 2326 4609 11
2369 4555 2470 4623 τὴν
2508 4556 2583 4609 Vx
2618 4572 2665 4609 a.
2703 4555 2764 4609 R.
2814 4556 2823 4623 Ι
2889 4554 2967 4611 14
3000 4555 3271 4629 γραφαῖς]

671 4654 726 4719 ·†·
768 4651 1110 4718 πιστεύσαςὶ)
1165 4653 1268 4706 We
1321 4656 1328 4721 1
1381 4654 1454 4709 15
1493 4652 1603 4726 γὰρ
1640 4653 1711 4707 Kl
