3694 5582
1153 482 1225 537 do
1257 481 1630 538 ecelesiastica
1661 481 1949 552 theologia.
1982 483 2033 535 ΙΙ
2071 433 2241 538 1-1-ζῖ
2424 453 2549 499 :..:
2581 437 2631 500 :⁰
2738 445 2760 485 ³
2784 457 2987 550 'uso-1⁸

375 651 692 736 ἐποίησεν
735 645 898 728 τοὺς
937 648 1251 729 αἰῶναςι.
1335 651 1446 716 καὶ
1499 650 1575 718 ἐν
1615 652 2015 735 Παροιμίαις
2068 643 2176 716 διὰ
2220 651 2645 735 Σολομῶνος
2698 640 2904 728 αὐτὸς
2946 640 2985 715 6

371 745 516 828 υἱὸς
585 754 740 834 περὶ
801 748 1050 818 ἑαυτοῦ
1109 743 1405 818 διδάσκει
1465 751 1688 835 λέγων
1759 741 1997 835 »ήνίκα
2060 741 2420 834 ἦτοίμαζεν
2480 743 2611 815 τὸν
2670 739 2986 834 οὐρανόν,

375 844 824 937 συμπαρήμην
868 840 1121 936 αῦτῷι.
1193 842 1370 918 ἀλλὰ
1411 851 1522 917 καὶ
1554 841 1762 928 αὐτὸς
1812 837 1934 934 »ἦν
1978 843 2062 916 τὸ
2092 851 2261 931 φῶς,
2307 841 2389 915 τὸ
2422 850 2733 930 φωτίζον
2760 841 2990 914 πάντα

373 944 758 1067 ἄνθρωπον
802 942 1164 1035 ἐρχόμενον
1209 951 1302 1026 εἰς
1347 943 1474 1016 τὸν
1513 941 1832 1034 κόσμονι,
1878 945 2108 1035 ἐπειδὴ
2156 948 2269 1016 »ἐν
2306 949 2409 1034 τῷ
2454 939 2687 1033 κόσμῳ
2731 935 2833 1032 ἦν,
2879 950 2989 1013 καὶ

305 1060 338 1114 ὅ
373 1040 410 1116 6
456 1041 704 1134 κόσμος
748 1040 842 1115 δι’
884 1041 1096 1117 αὐτοῦ
1149 1050 1478 1134 ἐγένετοι.
1562 1048 1619 1114 εί
1671 1049 1744 1116 δὲ
1809 1039 1886 1114 »6
1946 1043 2198 1132 κόσμος
2257 1037 2351 1114 δι’
2396 1039 2608 1113 αὐτοῦ
2658 1046 2987 1131 ἐγένετοι,

371 1149 585 1234 δῆλον
627 1175 726 1228 ως
766 1151 1210 1236 προϋπῆρχεν
1254 1149 1380 1216 τοῦ
1421 1141 1692 1233 κόσμου.
1777 1140 1904 1216 οὔκ
1964 1143 2095 1234 ἄρα
2152 1142 2363 1233 μόνος
2414 1136 2499 1232 ἦν
2552 1139 2590 1214 6
2645 1140 2809 1225 θεὸς
2850 1141 2985 1231 πρὸ

370 1252 496 1334 τῆς
541 1251 667 1315 τοῦ
707 1240 966 1334 κόσμου
1007 1240 1408 1329 συστάσεως,
1451 1252 1664 1335 συνῆν
1707 1250 1778 1318 δὲ
1821 1241 2010 1335 αὐτῷ
2063 1239 2101 1317 6
2146 1243 2563 1362 μονογενὴς
2564 1239 2777 1316 αὐτοῦ
2818 1239 2985 1326 υιός,

369 1351 462 1426 εἰς
525 1373 608 1416 ον
669 1341 960 1434 α’φορῶν
1018 1338 1058 1414 6
1121 1343 1347 1434 πατὴρ
1407 1345 1700 1433 ἔχαιρεν,
1766 1339 1863 1426 ὥς
1924 1341 2217 1417 διδάσκει
2269 1340 2475 1425 αὐτὸς
2518 1370 2621 1412 ων
2665 1338 2707 1432 ἦ
2764 1351 2988 1429 σοφία,

371 1449 596 1532 λέγων
637 1447 713 1515 ἐν
756 1449 1154 1533 Παροιμίαις
1211 1445 1382 1533 »ἐγώ
1437 1441 1612 1534 ἥμην
1655 1436 1696 1532 ᾖ
1759 1450 2203 1534 προσέχαιρεν
2260 1439 2420 1514 καθ’
2484 1439 2796 1532 ήμέρανι.
2880 1449 2991 1514 καὶ

270 1556 338 1612 10
373 1539 578 1626 αυτὸς
647 1547 718 1613 δὲ
779 1539 818 1614 6
876 1541 1022 1626 υίὸς
1081 1560 1231 1626 ταῖς
1291 1561 1650 1631 πατρικαῖς
1720 1547 2018 1626 ἐννοίαις
2090 1548 2501 1630 ἐνατενίζων
2575 1538 2991 1631 ἐυφροσύνης

373 1647 786 1732 ἐπληροῦτο,
855 1637 962 1714 διό
1024 1665 1232 1731 φησιν
1296 1638 1810 1732 »ηὐφραινόμην
1876 1647 1947 1713 δὲ
2010 1643 2313 1715 ἐνώπιον
2374 1639 2587 1714 αὐτοῦ
2644 1646 2722 1713 ἐν
2778 1648 2989 1712 παντὶ

370 1749 648 1832 καιρῷι.
717 1747 934 1813 ταῦτα
974 1746 1098 1832 μὲν
1141 1735 1184 1831 ἦ
1215 1748 1516 1829 Χριστοῦ
1556 1745 1875 1830 ἐκκλησία
1920 1741 2007 1813 τὰ
2034 1739 2265 1834 εὐσεβῆ
2308 1749 2419 1814 καὶ
2462 1753 2618 1813 θεῖα
2658 1737 2990 1830 μυστήρια

371 1846 851 1930 παραλαβοῦσα
897 1839 1247 1929 φυλάττει.
1334 1835 1373 1911 6
1419 1847 1493 1913 δὲ
1535 1846 1760 1930 λέγων

496 1945 636 2027 (Nr.
697 1946 802 2028 93)
861 1938 1070 2030 μήπω
1129 1947 1257 2012 τοῦ
1315 1937 1574 2031 κόσμου
1629 1936 1995 2030 γεγονότος
2036 1946 2243 2030 μηδὲν
2296 1942 2533 2030 ἕτερον
2576 1941 2747 2011 εἶναι
2806 1939 2992 2029 πλὴν

271 2057 338 2112 15
495 2047 666 2113 θεοῦ
707 2037 924 2130 μόνου

371 2147 556 2212 δυεῖν
595 2136 901 2229 θάτερον
943 2137 1191 2212 ἑαυτὸν
1234 2132 1409 2210 ὄντα
1451 2147 1766 2230 παρίστη,
1811 2135 1857 2229 ἢ
1896 2136 2218 2212 Ἰουδαῖον
2258 2134 2302 2228 ἢ
2346 2136 2899 2227 Σαβελλκαν>όν.
2974 2145 2981 2228 Ι

371 2235 414 2328 ἢ
455 2238 582 2328 γὰρ
625 2235 931 2312 αὐτόθεν
973 2236 1386 2329 ἀρνούμενος
1430 2237 1558 2311 τὸν
1599 2235 1776 2324 υἱόν,
1839 2237 2013 2311 θεὸν
2063 2244 2136 2310 δὲ
2186 2235 2401 2328 μόνον
2444 2235 2769 2328 εἰσάγων,
2832 2234 2986 2311 ’Iov-

371 2346 558 2424 δαῖος
621 2343 806 2412 ἔσται
858 2337 988 2410 τὸν
1033 2336 1338 2428 Χριστὸν
1396 2335 1836 2428 ἀρνούμενος·
1908 2334 1954 2427 ἢ
2006 2344 2193 2428 μέχρι
2245 2334 2455 2425 λόγου
2496 2337 2626 2429 τὴν
2669 2344 2797 2410 τοῦ
2837 2342 2989 2409 υἱοῦ

371 2436 744 2530 πρόσρησιν
787 2435 1305 2528 ἀποδεχόμενος,
1349 2433 1568 2510 αὐτὸν
1611 2443 1652 2510 δ
1661 2433 1680 2460 ’
1723 2439 1899 2510 εἶνάι
1942 2435 2229 2526 φάσκων
2272 2436 2401 2509 τὸν
2441 2437 2558 2508 ἕνα
2599 2434 2788 2522 θεόν,
2832 2437 2987 2509 υἱὸν

271 2551 340 2608 20
371 2535 544 2628 ὁμοῦ
622 2545 734 2610 καὶ
802 2543 1093 2627 πατέρα,
1167 2535 1295 2609 τὸν
1353 2544 1736 2624 Σαβέλλιον
1791 2534 2267 2612 ἇνανεῶσεται.
2362 2541 2418 2610 εἰ
2478 2537 2600 2627 γὰρ
2662 2536 2798 2626 πρὸ
2859 2543 2987 2608 τοῦ

369 2634 628 2728 κόσμου
669 2633 868 2710 οῦδὲν
911 2637 1147 2725 ἕτερον
1189 2629 1277 2727 ἦν
1319 2638 1502 2729 πλὴν
1543 2644 1740 2722 θεοῦ,
1795 2633 1907 2727 <ἢ>
1948 2635 2157 2722 αὐτὸς
2198 2639 2385 2709 ἔσται
2424 2637 2655 2728 πατὴρ
2695 2643 2808 2709 καὶ
2842 2636 2986 2720 υίὸς

370 2732 609 2827 ηοῦδ’
656 2739 785 2825 ἕξει
825 2735 994 2809 υἱόν.

536 2844 578 2913 3
639 2833 786 2910 ἀλλ’
833 2840 1051 2909 ἔοικεν
1095 2834 1522 2927 Μάρκελλος,
1569 2836 1698 2909 τὸν
1739 2842 1814 2910 ἐν
1859 2834 2049 2930 αὐτῷ
2095 2846 2199 2929 τῷ
2243 2844 2391 2929 θεῷ
2422 2834 2652 2927 λόγον,
2695 2833 2854 2909 καθ’
2899 2830 2983 2909 dv

372 2936 649 3026 λογικὸς
699 2955 983 3025 νοεῖται,
1047 2942 1306 3011 τοῦτον
1366 2939 1540 3009 εἶναι
1590 2935 1877 3024 φάσκειν
1928 2936 2057 3009 τὸν
2098 2934 2274 3009 υἱόν·
2336 2934 2513 3010 ωστε
2559 2938 2730 3009 εἶναι
2773 2934 2985 3008 αυτὸν

275 3050 340 3105 25
373 3038 620 3110 ἑαυτοῦ
671 3042 959 3125 πατέρα,
1019 3043 1130 3107 καὶ
1184 3028 1268 3108 αὖ
1319 3034 1530 3110 πάλιν
1581 3034 1794 3109 αὐτὸν
1835 3039 2087 3111 ἑαυτοῦ
2128 3034 2297 3109 υἱόν.
2380 3034 2766 3111 ἐπάκουσον
2823 3042 2988 3126 γοῦν

373 3141 523 3205 τῶν
567 3130 784 3207 αυτοῦ
827 3143 1110 3224 φωνῶν,
1157 3133 1250 3207 δι’
1297 3166 1398 3209 ων
1442 3143 1700 3210 τοῦτον
1742 3134 1988 3227 γράφει
2032 3135 2159 3210 τὸν
2202 3133 2469 3225 τρόπον

497 3237 637 3319 (Nr.
692 3242 798 3321 92)
857 3234 993 3326 πρὸ
1054 3233 1180 3325 γὰρ
1220 3241 1366 3357 ι’,τῆς
1427 3241 1860 3327 δημιουργίας
1918 3231 2183 3327 απάσης
2242 3233 2481 3325 ἡσυχία
2538 3264 2645 3319 τις
2674 3228 2819 3357 fl»,
2893 3266 2989 3317 ως

499 3330 706 3423 εἰκός,
769 3328 976 3419 ὄντος
1033 3339 1111 3406 ἐν
1153 3342 1258 3426 τῷ
1302 3341 1444 3426 θεῷ
1500 3343 1626 3408 τοῦ
1679 3333 1903 3426 λόγου.
1989 3341 2048 3408 εί
2108 3335 2233 3426 γὰρ
2291 3335 2595 3425 ποιητὴν
2653 3330 2990 3407 ἁπάντων

501 3432 628 3504 τὸν
669 3432 844 3507 θεὸν
882 3430 1216 3525 Ἀστέριος
1267 3443 1714 3509 πεπίστευκεν
1765 3438 1967 3521 εἶναι,
2028 3441 2242 3524 δῆλον
2302 3464 2413 3505 οτι
2464 3432 2993 3524 συνομολογήσει

273 3550 338 3605 30
501 3528 658 3622 ἡμῖν
699 3541 812 3605 καὶ
865 3530 1073 3618 αυτὸς
1131 3534 1261 3606 τὸν
1318 3541 1444 3625 μὲν
1504 3532 1606 3607 ἀεὶ
1665 3532 2016 3625 υπάρχειν,
2075 3536 2535 3625 μηδεπώποτε
2595 3532 2807 3624 αρχὴν
2866 3540 2993 3605 τοῦ

499 3634 672 3705 εἶναι
716 3630 1038 3721 λαβόντα,
1084 3634 1174 3706 τὰ
1215 3640 1290 3707 δὲ
1332 3639 1734 3725 γεγενῆσθαί
1775 3664 1855 3709 τε
1894 3631 2011 3707 ὑπ’
2055 3632 2268 3708 αὐτοῦ
2317 3642 2430 3706 καὶ
2474 3637 2545 3721 ἐξ
2589 3631 2715 3706 οὐκ
2758 3626 2993 3704 ὄντων

499 3738 916 3823 γεγενῆσθαι.

375 3826 542 3924 ὁρᾷς
603 3824 794 3913 ὅπως
853 3833 982 3905 τὸν
1041 3832 1212 3905 θεὸν
1271 3832 1569 3925 ἄναρχον
1627 3832 2181 3925 υποστησάμενος
2240 3832 2369 3905 τὸν
2420 3830 2631 3922 λόγον
2682 3837 2757 3905 ἐν
2801 3828 2991 3923 αὐτῷ

375 3925 670 4121 {magu
721 3930 956 4026 ἡσυχία
1017 3934 1188 4005 εἶναι
1246 3932 1382 4022 πρὸ
1446 3942 1569 4025 τῆς
1630 3940 2059 4085 δημιουργίας
2121 3938 2274 4022 ἔφη·
2344 3941 2456 4005 καὶ
2516 3934 2786 4022 προῖων
2845 3931 2995 4022 εξῆς

277 4046 342 4100 35
407 4041 532 4103 πιλ
611 4059 666 4103 ει

551 4203 587 4258 2
625 4202 786 4258 Prov.
820 4201 870 4267 8,
906 4202 972 4257 27
1023 4232 1092 4241 —
1146 4202 1184 4258 8
1219 4202 1342 4257 Joh.
1377 4204 1427 4272 1,
1463 4206 1513 4261 9.
1551 4206 1618 4260 10
1667 4234 1734 4245 -
1785 4205 1823 4261 5
1859 4204 1983 4261 Joh.
2019 4209 2069 4272 1,
2104 4206 2171 4262 10
2221 4234 2286 4243 —
2343 4205 2382 4260 9
2420 4204 2582 4260 Prov.
2615 4204 2666 4268 8,
2702 4202 2771 4259 30
2804 4232 2869 4241 -
2920 4201 2993 4256 11

377 4304 538 4360 Prov.
573 4304 625 4369 8,
661 4304 730 4359 30
763 4332 828 4343 -
867 4304 940 4359 21
983 4304 1094 4374 vgl.
1132 4302 1225 4358 Nr.
1261 4306 1330 4360 93

552 4454 630 4509 1ss
683 4454 1074 4525 Σαβελλιανόν
1127 4452 1258 4521 We,
1313 4456 1422 4525 vgl.
1479 4474 1546 4511 zu
1597 4456 1650 4511 S.
1701 4456 1790 4519 88,
1844 4459 1911 4513 21
1976 4458 1987 4525 Ι
2053 4456 2129 4513 18
2179 4454 2375 4526 λόγου]
2430 4462 2495 4519 -Ι-
2546 4454 2767 4524 μόνουῗ
2826 4452 2918 4507 Mo
2980 4453 2987 4519 Ι

380 4554 456 4611 21
513 4552 677 4625 ἧΜο
742 4556 753 4623 Ι
817 4553 897 4609 28
950 4550 1020 4611 ὃν
1061 4574 1118 4609 m
1161 4557 1276 4626 vgl.
1311 4556 1364 4612 S.
1397 4557 1480 4619 87,
1519 4559 1598 4612 14.
1646 4558 1760 4622 105,
1795 4558 1864 4613 23
1908 4560 2044 4625 (108,
2080 4559 2132 4626 5)
2177 4556 2373 4611 andere
2414 4556 2755 4664 8.118,7ᾱ“.
2811 4548 2844 4609 ὃ
2883 4552 2933 4605 V
2986 4554 2991 4596 Ι

379 4649 909 4729 δδένὲαυτῷῩ*,
946 4672 1082 4711 corr.
1119 4656 1196 4709 V²
1261 4660 1272 4727 Ι
1331 4652 1552 4729 Μέφη
1589 4672 1674 4712 mr
1717 4652 1808 4727 ἐφ’
1841 4647 1962 4731 ἦν
2044 4708 2153 4756 ‘3
2624 4678 2775 4717 ,ρης

571 4779 579 4786 ,
695 4742 830 4843 [¹
947 4744 1094 4803 ¹³0⁵.

547 4790 587 4853 Ιι
727 4817 769 4837 υ

970 4897 988 4913 ’ἱ

722 4898 844 4963 jn»,
919 4902 931 4920 ι

805 4986 815 5000 Ι

689 5016 818 5045 (⁰1⁴5)
848 5018 856 5029 ’

3056 659 3089 711 3

3026 1023 3089 1227 ἓ

3056 2159 3257 2228 51106

3022 2841 3178 2911 ὅπως
3252 2846 3353 2901 τὸν

3019 2915 3196 2985 λόγον
3252 2918 3355 2968 τοῦ

3022 2986 3166 3038 θεοῦ
3189 2976 3249 3037 ἐν
3274 3000 3355 3053 τυ

3022 3053 3144 3122 θεῷ
3214 3034 3353 3103 ὄντα

3067 3118 3321 3215 ἄναρχον

2930 3232 2949 3259 ς
3046 3192 3193 3253 εἶναι
3226 3196 3325 3249 καὶ

3024 3260 3334 3351 ἀγέννητον

3022 3356 3057 3409 2
3092 3328 3345 3405 ὡρίζετο.
