3694 5582
713 514 790 576 82
1880 500 2147 557 Eusebius

711 677 824 742 καὶ
867 676 1105 740 σκοτία
1150 663 1273 740 οὐκ
1317 667 1503 736 ἔστιν
1547 671 1621 736 ἐν
1663 662 1854 754 αὐτῷ
1900 660 2229 754 ουδεμίαε.
2302 672 2415 736 καὶ
2457 663 2583 753 γὰρ
2639 657 2677 733 6
2720 669 2842 752 μὲν
2886 670 3038 750 φῶς
3082 660 3331 752 ἀπροσ-

712 797 868 841 ιτον
911 759 1023 858 ἦν,
1081 764 1177 850 οὖς
1223 763 1258 837 6
1305 776 1496 848 θεῖος
1540 761 1930 848 ἀπόστολος
1972 761 2269 836 διδάσκει
2315 770 2533 852 λέγων
2592 770 2783 849 »φῶς
2826 769 3037 835 οἰκῶν
3080 760 3329 852 άπρόσ-

714 897 888 951 ιτον,
951 861 1035 939 ὃν
1078 867 1252 938 εἶδεν
1296 861 1514 948 ουδεὶς
1560 861 1714 936 οὐδὲ
1755 869 1921 935 ἰδεῖν
1966 862 2317 936 δύναταιε
2388 859 2428 935 6
2474 859 2538 934 δ’
2602 871 2711 935 »ἐν
2756 870 2857 954 τῷ
2900 861 3133 954 κόσμῳ
3182 855 3329 952 ἦνι,
3397 880 3429 934 9

720 976 1083 1089 »(φωτίςων
1125 963 1354 1038 πάντα
1398 965 1782 1051 ἄνθρωπον
1833 961 2199 1054 ἐρχόμενον
2252 970 2346 1048 είς
2399 961 2526 1035 τὸν
2586 960 2900 1082 κόσμον-ιι.
2986 961 3163 1037 ἀλλὰ
3220 971 3329 1034 καὶ

644 1081 678 1134 5
715 1063 752 1139 6
813 1063 1091 1154 κόσμος,
1155 1073 1389 1155 φησίν,
1452 1065 1562 1136 διὰ
1624 1069 1822 1135 τοῦδε
1879 1069 2004 1135 τοῦ
2066 1065 2303 1151 φωτὸς
2362 1071 2667 1154 γέγονεν,
2730 1070 2857 1134 τοῦ
2914 1072 3331 1152 κρείττονος,

714 1166 970 1256 δηλαδὴ
1016 1173 1142 1237 τοῦ
1183 1163 1476 1254 πατρός,
1539 1165 1646 1236 διὰ
1701 1168 1830 1234 τοῦ
1881 1166 2031 1234 υἱοῦ
2083 1162 2165 1234 τὸ
2218 1171 2360 1238 πᾶν
2404 1169 2907 1254 συνισταμένου.
2992 1180 3171 1250 τρεῖς
3210 1168 3333 1252 μὲν

712 1265 795 1355 δὴ
843 1257 1043 1337 αὗται
1087 1263 1263 1338 κατὰ
1308 1263 1391 1336 τὸ
1439 1260 1608 1336 αὐτὸ
1653 1271 1800 1335 τῶν
1844 1265 1971 1334 τοῦ
2012 1265 2161 1334 υἱοῦ
2214 1269 2340 1336 τοῦ
2400 1269 2573 1336 θεοῦ
2624 1262 2981 1349 δυνάμεων
3042 1255 3331 1351 εὔφημοι

712 1371 826 1437 καὶ
868 1362 1153 1487 ευσεβεξς
1197 1369 1552 1453 ἐπηγορίαι
1597 1370 1698 1452 τῷ
1743 1358 2061 1453 θεολόγῳ
2124 1369 2247 1452 τῆς
2309 1370 2573 1452 γραφῆς
2632 1359 2981 1452 ἀρχομένῳ
3042 1358 3331 1450 παρελή-

714 1477 1016 1556 φθησαν*
1091 1461 1130 1538 6
1174 1461 1379 1553 λόγος
1419 1471 1530 1533 καὶ
1575 1458 1614 1534 6
1657 1462 1821 1545 θεὸς
1862 1469 1975 1533 καὶ
2017 1461 2101 1534 τὸ
2146 1470 2314 1549 φῶς.

611 1578 680 1632 10
881 1565 964 1636 δ’.
1030 1561 1158 1654 ἤδη
1213 1571 1285 1634 δὲ
1327 1571 1440 1634 καὶ
1495 1559 1835 1652 τετάρτην
1887 1569 2343 1650 προστίθησιν
2410 1557 2447 1633 0‘
2510 1558 2746 1645 αῦτός,
2806 1567 3141 1652 μονογενῆ
3202 1559 3331 1632 τὸν
3369 1583 3432 1636 10

715 1663 932 1737 αὐτὸν
975 1660 1350 1736 ἀποκαλῶν
1393 1667 1468 1735 ἐν
1511 1662 1612 1744 οἶς
1656 1684 1866 1750 φησιν
1924 1669 2066 1732 »καὶ
2122 1655 2161 1732 6
2213 1657 2417 1749 λόγος
2469 1660 2634 1750 σὰρξ
2678 1665 2945 1750 ἐγένετο
2987 1668 3101 1732 καὶ
3146 1659 3331 1752 ἐσκή-

720 1789 940 1837 νωσεν
982 1767 1057 1834 ἐν
1099 1759 1274 1852 ἡμῖν,
1319 1770 1431 1833 καὶ
1474 1759 1903 1850 ἐθεασάμεθα
1946 1759 2075 1849 τὴν
2116 1758 2323 1846 δόξαν
2364 1758 2603 1848 αυτοῦ,
2662 1757 2867 1848 δόξαν
2910 1791 3007 1842 ως
3048 1789 3331 1850 μονογε-

715 1871 878 1947 νοῦς
920 1862 1107 1984 παρὰ
1149 1860 1440 1951 πατρός,
1501 1859 1766 1950 πλήρης
1825 1856 2104 1950 χάριτος
2158 1871 2271 1931 καὶ
2326 1860 2707 1952 ἀληθείαςε.
2794 1857 3047 1934 ουκοῦν
3087 1868 3199 1932 καὶ
3246 1857 3329 1947 [6]

713 1963 1088 2054 μονογενὴς
1131 1968 1258 2033 τοῦ
1301 1966 1470 2031 θεοῦ
1512 1966 1678 2048 πρὶν
1722 1959 1853 2049 τὴν
1874 1958 2113 2081 σάρκα
2154 1957 2515 2047 αναλαβεῖν
2567 1957 3020 2050 ἐχρημάτιζεν.
3104 1964 3164 2032 εἰ
3204 1959 3331 2050 γὰρ

613 2079 679 2132 15
713 2071 824 2134 καὶ
868 2063 957 2135 τὰ
998 2059 1317 2153 μάλιστα,
1362 2067 1593 2150 φησίν,
1641 2056 1723 2129 δι’
1769 2055 1943 2149 ἡμᾶς
1992 2054 2067 2130 »ό
2114 2057 2315 2146 λόγος
2354 2059 2520 2148 σὰρξ
2562 2065 2902 2149 ἐγένετοε,
2948 2057 3098 2132 ἀλλ’
3146 2053 3333 2150 όμως

716 2160 916 2252 ἡμεῖς,
964 2161 1066 2244 οἷς
1101 2171 1111 2245 1
1148 2166 1570 2249 κατηξίωσεν
1613 2161 2039 2244 ἐνδείξασθαι
2084 2159 2215 2250 τὴν
2257 2161 2502 2230 ἑαυτοῦ
2502 2158 2854 2278 θεότητα,
2901 2155 3026 2230 οὐκ
3068 2165 3163 2243 εἰς
3199 2160 3334 2250 τὴν
3371 2176 3443 2232 85

714 2260 927 2350 σάρκα
971 2257 1388 2350 ἀφορῶντες,
1431 2255 1629 2346 (αὕτη
1674 2257 1798 2346 γὰρ
1850 2258 2110 2348 »μορφὴ
2154 2258 2439 2331 δούλου(
2488 2249 2596 2346 ἦν)
2642 2255 2791 2330 ἀλλ’
2832 2264 2923 2342 εἰς
2964 2256 3097 2349 τὴν
3126 2254 3333 2346 δόξαν

715 2358 926 2432 αὐτοῦ
983 2359 1115 2449 τὴν
1176 2357 1373 2442 ἐκτὸς
1431 2363 1559 2429 τοῦ
1617 2357 1932 2446 σωματος
1992 2365 2095 2448 νῷ
2157 2365 2445 2447 καθαρῷ
2515 2364 3026 2448 θεωρουμένην,
3106 2363 3331 2429 »ἐθεα-

716 2458 981 2550 σάμεθα
1023 2459 1156 2548 τὴν
1199 2454 1407 2544 δόξαν
1451 2453 1732 2540 αὖτοῦι,
1796 2453 2004 2544 δόξαν
2064 2457 2365 2546 ἄρρητον
2422 2465 2535 2528 καὶ
2594 2455 2827 2530 πάντα
2878 2465 3169 2546 θνητῶν
3222 2470 3332 2530 λο-

612 2577 681 2631 20
718 2559 954 2649 γισμὸν
992 2557 1550 2648 ὖπερβαίνουσαν,
1595 2552 1849 2628 ὁποίαν
1891 2556 2041 2644 <ἄν>
2088 2585 2190 2640 τις
2232 2554 2615 2646 ἐννοήσειεν
2660 2553 2942 2644 »δόξανι
2978 2561 3133 2630 υἱοῦ
3161 2564 3331 2630 θεοῦ

718 2664 1222 2748 »μονογενοῦςι
1310 2649 1395 2746 ἦν
1455 2661 1526 2726 δὲ
1587 2652 1758 2746 αὕτη
1825 2656 2045 2744 »παρὰ
2098 2662 2225 2728 τοῦ
2282 2657 2580 2744 πατρὸς(
2645 2655 2827 2744 δόξα.
2912 2652 3076 2751 ὁρᾷς
3137 2651 3329 2739 ὅπως
3370 2674 3429 2725 11

716 2756 841 2832 οὐκ
871 2761 1080 2830 εἶπεν·
1130 2765 1278 2829 »καὶ
1306 2752 1734 2846 ἐθεασάμεθα
1762 2755 1896 2845 τὴν
1924 2752 2131 2843 δόξαν
2160 2753 2392 2839 αὐτοῦ,
2438 2754 2645 2843 δόξαν
2678 2754 2809 2841 οὖς(
2848 2753 3073 2848 λόγου,
3103 2763 3328 2830 καίτοι

714 2858 1072 2948 προειπὼν
1121 2852 1195 2928 »6
1242 2855 1445 2945 λόγος
1505 2856 1670 2945 σὰρξ
1731 2860 2071 2944 ἐγένετοι,
2136 2853 2283 2928 ἀλλ’
2346 2861 2456 2928 ἵνα
2516 2855 2748 2945 διδάξῃ
2810 2852 3057 2929 ὁποῖον
3116 2854 3329 2929 αὐτὸν

715 2954 1144 3046 ὖπεστήσατο
1189 2954 1399 3044 λόγον
1443 2948 1580 3043 (ὅτι
1623 2954 1710 3048 μὴ
1758 2954 2201 3045 σημαντικόν·
2253 2963 2412 3038 ’πῶς
2440 2956 2568 3043 γὰρ
2612 2964 2726 3028 καὶ
2768 2954 2920 3028 οἶόν
2964 2986 3040 3028 τε
3084 2949 3173 3047 ἦν
3200 2956 3331 3029 τὸν

578 3057 682 3169 '26
719 3061 1040 3129 τοιοῦτον
1098 3052 1310 3143 σάρκα
1371 3062 1769 3141 γενέσθαι,·),
1833 3050 2219 3143 ἀναγκαίως
2278 3062 2615 3145 μονογενῆ
2676 3052 2893 3127 αὐτὸν
2948 3076 3328 3141 προσεῖπεν.

109 3217 135 3245 ,Β
167 3208 279 3241 ,4
515 3191 542 3245 <²
669 3160 825 3228 καὶ
870 3152 1002 3244 τὴν
1047 3150 1254 3240 δόξαν
1295 3152 1506 3225 αὐτοῦ
1549 3152 1811 3240 ταύτην
1855 3153 2025 3224 εἶναι
2068 3150 2389 3240 διδάσκει,
2450 3150 2611 3227 καθ>
2669 3152 2757 3244 ἣν
2810 3174 3069 3227 νοεῖται
3125 3184 3329 3246 μονο-
3371 3170 3435 3222 12

717 3254 910 3346 γενὴς
953 3260 1079 3326 τοῦ
1121 3260 1291 3325 θεοῦ
1333 3250 1493 3334 υἱός.
1575 3249 1903 3338 υπάρχειν
1946 3281 2021 3323 τε
2066 3250 2254 3344 αὐτῷ
2302 3278 2509 3343 φησιν
2522 3256 2669 3375 ,τὴν
2712 3252 2923 3341 δόξαν
2964 3252 3089 3326 οὐκ
3132 3255 3329 3327 ἄλλο·

715 3368 844 3427 θεν
888 3351 930 3443 ἢ
959 3353 1144 3442 παρὰ
1175 3358 1300 3424 τοῦ
1327 3348 1743 3439 πατρός·οὖ
1771 3351 1897 3439 γὰρ
1931 3349 2263 3441 ἀγένητον
2292 3349 2449 3424 ουδε
2492 3352 2795 3443 ἄναρχον
2838 3351 2993 3427 οὐδὲ
3034 3352 3328 3445 ἰδιόκτη-

716 3484 845 3527 τον
888 3456 1020 3543 εἶχε
1063 3453 1192 3541 τὴν
1237 3448 1462 3536 δόξαν,
1511 3448 1684 3522 ἄλλα
1728 3452 1913 3538 παρὰ
1957 3459 2083 3523 τοῦ
2127 3453 2387 3541 πατρὸς
2432 3456 2680 3537 λαβών.
2768 3447 2805 3524 6
2850 3452 2931 3543 δὴ
2977 3461 3089 3524 καὶ
3124 3450 3331 3536 αὐτὸς

609 3572 682 3626 30
715 3562 1010 3643 παρίστη
1053 3557 1276 3641 λέγων
1325 3548 1580 3637 »πάτερ
1623 3547 1914 3637 δόξασόν
1967 3579 2046 3640 με
2099 3559 2183 3640 τῇ
2245 3549 2408 3641 δόξῃ
2468 3546 2511 3641 ᾗ
2576 3552 2758 3641 εἶχον
2818 3552 2953 3641 πρὸ
3016 3559 3144 3624 τοῦ
3203 3552 3333 3625 τὸν

715 3650 974 3743 κόσμον
1018 3654 1188 3722 εἶναι
1230 3648 1414 3737 παρά
1458 3675 1621 3721 σοιι.
1707 3644 1792 3720 ὃν
1833 3658 1945 3722 καὶ
1990 3648 2329 3739 ἀμείβεται
2375 3658 2594 3739 λέγων
2638 3648 2676 3723 6
2720 3653 2945 3741 πατὴρ
2995 3660 3142 3723 »καὶ
3184 3650 3331 3724 ἐδό-
3370 3664 3435 3719 13

717 3766 884 3839 §aaa
925 3759 1038 3821 καὶ
1078 3748 1289 3823 πάλιν
1333 3747 1653 3837 δοξάσωι.
1724 3756 1835 3819 καὶ
1882 3754 1982 3819 ἔτι
2023 3758 2288 3839 μᾶλλον
2330 3750 2460 3840 τὴν
2500 3748 2878 3823 ὑπόστασιν
2920 3748 3135 3824 αὐτοῦ
3176 3774 3331 3823 συν·-

715 3862 983 3939 ίστησιν
1052 3845 1090 3921 6
1161 3846 1366 3933 αὐτὸς
1436 3846 1907 3938 εὖαγγελιστὴς
1975 3855 2327 3939 ἐπιφέρων
2392 3848 2741 3939 »Ἰωάννης
2800 3868 3125 3940 μαρτυρεῖ
3179 3858 3331 3941 περὶ

889 4120 924 4174 2
961 4119 986 4172 Ι
1021 4119 1159 4172 Tim.
1195 4120 1330 4185 6,16
1366 4148 1432 4157 --
1471 4119 1551 4174 81
1581 4118 1702 4173 Joh.
1743 4122 1788 4183 1,
1827 4120 1908 4175 10.
1944 4120 1977 4174 9
2014 4148 2079 4158 ——
2117 4120 2190 4176 11
2232 4120 2354 4176 Joh.
2392 4124 2439 4185 1,
2479 4125 2543 4177 14
2579 4152 2645 4160 —
2694 4122 2767 4177 15
2804 4121 2925 4177 Joh.
2964 4124 3010 4186 1,
3048 4122 3113 4176 14
3149 4151 3216 4159 -
3254 4121 3325 4176 17

715 4220 856 4275 Phil.
893 4224 940 4287 2,
979 4224 1008 4274 7
1045 4249 1112 4259 ——
1150 4219 1226 4276 18
1263 4220 1385 4276 Joh.
1424 4222 1470 4287 1,
1509 4224 1573 4276 14
1607 4249 1674 4259 ——
1711 4220 1791 4276 20
1827 4220 1949 4276 Joh.
1988 4224 2034 4286 1,
2074 4224 2137 4276 14
2175 4252 2240 4260 -
2275 4222 2351 4277 22
2390 4222 2511 4277 Joh.
2550 4224 2683 4291 1,14
2718 4252 2785 4261 —
2822 4222 2900 4277 28
2936 4221 3059 4275 Joh.
3097 4225 3144 4288 1,
3184 4225 3333 4277 14——

717 4324 794 4379 8⁰
830 4322 950 4377 3011.
990 4324 1068 4385 17,
1105 4324 1136 4377 5
1171 4350 1238 4359 -
1274 4320 1348 4376 81
1389 4321 1512 4376 Joh.
1551 4322 1632 4387 12,
1669 4323 1735 4377 28
1772 4352 1838 4360 —
1877 4323 1955 4378 88
1992 4322 2114 4377 Joh.
2156 4326 2199 4391 1,
2239 4326 2317 4379 15.
2358 4326 2422 4380 16

891 4572 920 4625 7
955 4568 1247 4639 δυνάμεων
1284 4584 1368 4624 mr
1401 4569 1728 4640 δυναμένων
1755 4572 1802 4625 V
1833 4573 1842 4638 Ι
1877 4572 1953 4628 18
1990 4570 2023 4627 6
2060 4576 2155 4628 εῖτ.
2190 4574 2261 4627 Kl
2308 4578 2318 4639 Ι
2368 4576 2445 4631 14
2482 4575 2636 4643 πρὶν]
2673 4581 2738 4638 -1-
2772 4572 2806 4641 ἢ
2844 4592 2898 4627 111
2946 4576 2955 4642 Ι
3006 4574 3083 4629 19
3119 4572 3333 4644 θνητὸν

717 4692 774 4727 111
838 4674 848 4741 Ι
911 4672 992 4727 20
1027 4666 1098 4728 ἄν
1135 4672 1206 4725 Kl
1271 4674 1279 4739 Ι
1344 4672 1424 4729 25
1459 4678 1734 4745 προεῖπεν
1769 4674 1834 4739 V,
1873 4690 2005 4729 corr.
2044 4675 2149 4730 We
2211 4680 2219 4743 1
2286 4678 2361 4731 27
2402 4674 2555 4746 αὐτῷ
2592 4688 2675 4729 mr
2720 4672 2895 4730 αὐτὸν
2932 4674 2979 4727 V
