3694 5582
735 519 808 580 12
1908 511 2175 567 Eusebius

855 671 1242 758 ἀπόστολος
1301 683 1404 766 τῷ
1463 672 1634 764 άγὶω
1695 674 2030 764 πνεύματι
2090 683 2327 762 σαφῶς
2378 673 2819 762 προαγορεύει
2877 681 3040 746 »τοῦ
3082 703 3353 764 προορι·

859 781 1152 857 σθέντος
1193 777 1343 846 υἱοῦ
1386 783 1589 846 θεοῦ(
1640 781 1878 861 λέγων.

731 881 841 946 καὶ
887 867 1085 955 αὖθίς
1130 897 1332 964 φησιν
1376 878 1451 944 ἐν
1495 876 1750 962 ἑτέροις

857 978 1186 1060 (Nr.109)
1232 965 1436 1056 οὗτός
1481 977 1667 1044 ἐστιν
1715 981 1871 1062 περὶ
1916 965 1995 1046 οὗ
2042 969 2081 1046 ὅ
2124 980 2391 1056 Παῦλος
2436 976 2565 1061 ἔφη
2616 979 2779 1044 »τοῦ
2818 979 3355 1062 προορισθέντος

663 1089 696 1140 5
857 1078 1008 1145 υἱοῦ
1049 1079 1275 1144 θεοῦε.

728 1181 839 1244 καὶ
885 1179 1190 1244 ἐνταῦθα
1249 1177 1321 1242 δὲ
1383 1169 1464 1244 οὗ
1517 1172 1646 1261 τὴν
1698 1177 1879 1256 λέξιν
1920 1171 2143 1262 μόνην
2186 1172 2315 1260 τὴν
2368 1169 2835 1262 ἀποστολικὴν
2874 1179 3352 1261 παρέφθειρεν,
3388 1191 3451 1244 20

731 1270 907 1345 ἀλλὰ
958 1281 1068 1343 καὶ
1115 1272 1243 1362 τὴν
1295 1270 1604 1344 διάνοιαν
1658 1268 1875 1361 αὐτὴν
1917 1271 2025 1343 διὰ
2070 1279 2193 1362 τῆς
2234 1269 2630 1362 προσθήκης
2676 1279 2797 1362 τῆς
2843 1279 2969 1344 τοῦ
3010 1271 3147 1359 πρὸ
3190 1300 3355 1358 προ·

731 1378 1003 1454 θέσεως.
1108 1368 1369 1454 ἀδελφὰ
1431 1377 1500 1441 δὲ
1547 1371 1821 1454 τούτοις
1866 1370 2227 1460 πράττων,
2287 1378 2410 1460 τῆς
2471 1379 2875 1460 ψαλμῳδίας
2924 1371 3358 1462 περιεχούσης

740 1476 848 1542 »ἐκ
891 1470 1179 1560 γαστρὸς
1233 1469 1368 1560 πρὸ
1415 1470 1772 1560 ἑωσφόρου
1815 1469 2136 1561 ἐγέννησά
2179 1497 2312 1556 σει,
2352 1482 2362 1555 Ι
2400 1466 2439 1542 ό
2484 1477 2555 1540 δὲ
2596 1465 2951 1542 κάνταῦθα
2994 1469 3355 1562 προσθήκῃ
3392 1491 3462 1547 13

631 1586 698 1640 10
731 1579 1045 1660 κέχρηται
1109 1579 1192 1659 τῇ
1249 1577 1570 1659 μηδαμῶς
1631 1575 2048 1661 ἐμφερομένῃ
2109 1573 2283 1658 πρὸς
2342 1569 2425 1641 τὸ
2484 1578 3042 1659 καταμέμφεσθαι
3103 1579 3205 1662 τῷ
3266 1572 3355 1662 μὴ

733 1666 986 1758 ὁμοίως
1032 1667 1221 1760 αύτῷ
1271 1667 1626 1756 φάσκοντι.
1711 1667 2096 1742 ἐπάκουσον
2140 1675 2266 1742 οὐν
2309 1700 2501 1752 οπως
2546 1667 2786 1759 γράφει
2831 1678 3050 1759 λέγων
3388 1693 3450 1744 21

859 1773 996 1856 (Nr.
1041 1777 1144 1854 23)
1190 1769 1301 1841 διὰ
1343 1775 1552 1840 τοῦτο
1599 1775 1836 1841 τοίνυν
1881 1777 2069 1841 δοκεῖ
2106 1798 2221 1856 μοι
2263 1776 2493 1852 καλῶς
2536 1773 2708 1858 ἔχειν
2750 1773 2851 1842 ε’τι
2894 1778 3047 1859 περὶ
3093 1799 3195 1841 ων
3236 1801 3356 1862 μη-

865 1874 1051 1939 δέπω
1095 1865 1434 1996 πρότερον
1482 1874 1801 1989 διῆλθον
1817 1878 1966 1940 νυνὶ
2015 1876 2327 1942 διελθεῖν.
2408 1869 2491 1940 τὰ
2534 1870 2661 1960 γὰρ
2707 1881 2995 1941 πλεῖστα
3040 1877 3188 1941 τῶν
3244 1868 3355 1942 ὑπ’
3390 1895 3451 1948 22

861 1965 1073 2039 αὐτοῦ
1115 1975 1516 2057 γραφέντων
1577 1972 1651 2038 ἐκ
1702 1976 1850 2039 τῶν
1906 1965 2033 2058 ἤδη
2086 1975 2602 2058 προειρημενων
2648 1966 2803 2058 ημῖν
2846 1975 3124 2058 γέγονεν
3169 1976 3357 2058 δῆλα.

631 2083 696 2136 15
865 2074 984 2140 »ἐκ
1045 2068 1417 2156 γαστρὸς(
1489 2075 1693 2155 φησὶν
1743 2066 1931 2156 »πρὸ
1979 2065 2397 2155 ἓωσφόρου
2438 2067 2909 2157 ἐξεγέννησά
2960 2093 3099 2140 σει.
3180 2099 3358 2158 ῳετο

858 2169 982 2257 γὰρ
1025 2164 1309 2250 πάντως
1337 2197 1475 2240 που
1505 2167 1634 2256 τὴν
1665 2171 1734 2253 ἐξ
1775 2165 2107 2256 πρόθεσιν
2148 2177 2518 2238 κλαπετσαν
2562 2175 3082 2256 συνδραμεῖσθαι
3124 2178 3208 2258 τῇ
3240 2176 3360 2258 τῆς

859 2272 1173 2357 αιρέσεως
1232 2268 1484 2355 γνώμῃ.
1571 2265 1676 2337 διὸ
1738 2265 1820 2336 τὸ
1882 2267 2316 2356 κυριώτατον
2376 2273 2499 2355 τῆς
2554 2275 2890 2356 συλλαβῆς
2933 2270 3187 2354 ἐξελῶν
3232 2267 3360 2357 τὴν

859 2364 1143 2456 ἀρχαίαν
1185 2363 1398 2437 αύτοῦ
1440 2363 1885 2455 ἀναγέννησιν
1930 2372 2219 2455 σημῆναι
2262 2365 2619 2455 ἐβουλήθη.

732 2475 843 2540 καὶ
890 2465 1249 2555 ἐπειδήπερ
1293 2469 1368 2536 ἐν
1411 2464 1690 2547 τούτοις
1731 2473 2019 2554 ἰσχυρῶς
2064 2472 2439 2538 διετείνατο
2484 2473 2637 2553 περὶ
2682 2472 2808 2537 τοῦ
2846 2472 3102 2538 οἰκείου
3145 2463 3360 2553 σφάλ-

631 2587 700 2640 20
733 2596 946 2655 ματος
1007 2565 1136 2636 τὸν
1196 2562 1428 2652 ὀρθῶς
1481 2564 1871 2688 γράψαντα,
1886 2563 2345 2654 μεμψάμενος,
2408 2562 2605 2636 ούδεν
2658 2563 2863 2649 αὐτὸς
2917 2567 3161 2650 εἰπών,
3214 2583 3361 2648 τοῖς

735 2663 1258 2753 ἐντυγχάνουσιν
1320 2665 1450 2755 τὴν
1510 2663 1726 2754 αὐτὴν
1789 2670 1911 2753 τῆς
1972 2660 2423 2752 ἀναγνώσεως
2484 2671 2904 2755 παραδίδωσι
2963 2673 3361 2755 μαρτυρίαν.

734 2767 1000 2853 προϊών
1045 2761 1110 2837 δ
1158 2756 1354 2846 αὖθις
1399 2791 1436 2835 ο
1482 2760 1689 2847 αὐτὸς
1733 2761 1977 2854 εἰσάγει
2022 2764 2147 2837 τὸν
2200 2771 2477 2853 σωτῆρα
2532 2771 2823 2855 λέγοντα
2893 2765 3063 2855 »ἐγώ
3124 2771 3254 2854 εἰμι
3316 2761 3359 2855 ἦ
3392 2779 3455 2835 23

719 2864 1003 2956 ἡμέρας,
1050 2868 1186 2935 ῶδέ
1225 2892 1320 2952 πη
1368 2861 1652 2951 φάσκων

861 2970 998 3051 (Nr.
1061 2969 1164 3053 25)
1227 2960 1512 3047 σκότους
1572 2964 1699 3053 γὰρ
1759 2994 1965 3047 οντος
2024 2962 2368 3053 πρότερον
2428 2963 2537 3036 διὰ
2598 2964 2727 3054 τὴν
2790 2971 2911 3052 τῆς
2971 2972 3360 3048 θεοσεβείας

632 3084 698 3137 25
861 3064 1175 3154 ἄγνοιαν,
1245 3070 1366 3152 τῆς
1428 3069 1500 3135 δὲ
1561 3062 1808 3154 ἡμέρας
1871 3073 2235 3151 φαίνεσθαι
2276 3063 2647 3153 μελλούσης
2687 3066 2923 3154 (ιέγῶι
2972 3063 3098 3152 γάρ
3149 3070 3351 3151 »εἰμις

864 3171 1065 3253 φησὶν
1118 3159 1195 3252 »ἦ
1238 3159 1515 3252 ἡμέραι)
1562 3162 1846 3246 εἰκότως
1892 3164 2018 3235 τὸν
2066 3162 2311 3251 ἀστέρα
2358 3160 2717 3254 ἑωσφόρον
2760 3160 3091 3252 ὀνομάζει.

735 3271 844 3333 καὶ
889 3268 961 3334 ἐν
1007 3264 1216 3350 ἑτέρῳ
1261 3259 1457 3351 τόπῳ
1504 3271 1708 3351 φησὶν
3393 3284 3457 3336 24

861 3368 999 3449 (Nr.
1032 3370 1136 3448 37)
1199 3362 1430 3451 ἐπειδὴ
1479 3362 1652 3453 [τὴν]
1697 3362 1865 3451 μετὰ
1913 3363 2041 3452 τὴν
2084 3369 2205 3452 τῆς
2256 3360 2505 3452 σαρκὸς
2558 3359 2900 3452 ἀνάληψιν
2946 3360 3240 3451 Χριστός
3282 3390 3360 3433 τε

861 3471 971 3534 καὶ
1013 3460 1258 3549 Ἰησοῦς
1299 3461 1726 3551 κηρύττεται,
1775 3460 1915 3551 ζωή
1960 3491 2035 3531 τε
2078 3469 2187 3533 καὶ
2234 3458 2391 3546 ὁδὸς
2434 3459 2813 3551 καὶ·ἦμε’ρα.

638 3580 705 3633 30
736 3572 846 3634 καὶ
891 3556 1088 3644 αὖθις
1130 3563 1396 3650 προϊών
1440 3568 1568 3634 τοῦ
1613 3558 2011 3633 ἀποστόλου
2054 3570 2326 3649 τίθησιν
2372 3561 2452 3633 τὸ

861 3666 999 3749 (Nr.
1035 3668 1092 3746 1)
1143 3657 1221 3749 »ἦ
1266 3667 1336 3733 δὲ
1383 3658 1669 3749 ἡμετέρα
1710 3656 2127 3750 Ἰερουσαλὴμ
2172 3661 2321 3733 ἄνω
2366 3667 2607 3733 ἐστὶνι.

736 3769 845 3831 καὶ
893 3770 960 3832 τί
1005 3789 1084 3848 με
1133 3768 1235 3831 δεῖ
1275 3759 1612 3850 μηκύνειν,
1657 3762 1885 3849 παρὸν
1927 3769 2030 3851 τῷ
2094 3769 2486 3851 βουλομένῳ
2532 3766 2607 3832 ἐκ
2650 3768 2796 3833 τῶν
2841 3767 3212 3851 εἰρημένων
3270 3760 3361 3831 τὰ
3395 3779 3457 3833 25

737 3858 1173 3949 παραπλήσια
1219 3863 1292 3929 ἐκ
1338 3866 1463 3930 τοῦ
1504 3860 1769 3942 παντὸς
1813 3859 2323 3950 συγγράμματος
2354 3858 2799 3950 ἀναλέγεσθαι
2829 3868 2941 3931 καὶ
2986 3859 3068 3932 τὸ
3101 3859 3359 3948 εὐχερὲς

910 4032 939 4086 1
981 4030 1136 4084 Rtsm.
1174 4032 1219 4094 1,
1255 4034 1289 4083 4
1339 4030 1448 4099 vgl.
1484 4028 1549 4082 Ti
1597 4047 1664 4082 zu
1699 4028 1750 4082 d.
1791 4030 1869 4083 St.
1923 4060 1989 4070 —
2054 4032 2093 4085 4
2130 4032 2283 4086 Rom.
2323 4035 2368 4094 1,
2404 4034 2438 4085 4
2488 4061 2555 4071 —
2610 4032 2648 4086 9
2696 4032 2784 4085 Pe.
2822 4032 2936 4099 109,
2974 4034 3029 4085 3:
3085 4027 3361 4101 ἐγέννησα

740 4132 937 4188 RcaAT
971 4128 1308 4200 ἐξεγέννησα
1345 4130 1434 4185 &R
1469 4146 1514 4183 e.
1553 4130 1635 4185 sil.
1665 4161 1732 4171 —
1761 4133 1834 4188 15
1874 4132 1963 4185 Ps.
1985 4134 2231 4199 109,3-
2278 4133 2400 4189 201³
2430 4133 2541 4203 vgl.
2572 4134 2621 4187 S.
2642 4134 2723 4200 50,
2744 4136 2806 4188 11
2844 4162 2911 4171 —
2948 4132 3023 4189 22
3060 4132 3093 4184 ⁴?
3128 4162 3189 4171 -—
3230 4132 3307 4187 25
3329 4132 3361 4183 ’ἒ

739 4263 805 4272 -
835 4236 914 4289 29
952 4233 1074 4287 Joh.
1099 4234 1232 4296 14,ss
1266 4262 1337 4271 —
1371 4234 1444 4288 81
1491 4232 1610 4286 Gal.
1645 4236 1695 4297 4,
1734 4235 1801 4289 26

909 4385 939 4438 1
982 4380 1322 4451 ἀπόστολος]
1361 4391 1424 4446 -Ι-
1463 4377 1522 4435 g„
1575 4401 1628 4449 r,
1667 4383 1809 4437 doeh
1845 4384 1957 4454 vgl.
2003 4384 2073 4438 de
2116 4382 2249 4438 ecel.
2286 4386 2364 4438 th.
2401 4385 2442 4450 1,
2478 4386 2559 4449 20,
2596 4386 2664 4439 89
2711 4386 2719 4451 Ι
2775 4386 2801 4439 7
2842 4390 2947 4439 τοῦ
2980 4381 3095 4453 πρὸ
3132 4382 3223 4437 Mo
3258 4390 3361 4438 τοῦ

735 4484 911 4555 λόγον
948 4484 998 4536 V
1033 4481 1146 4555 πρὸ
1185 4484 1349 4550 (ohne
1392 4484 1564 4551 τοῦΥὲ
1599 4483 1705 4538 We
1741 4485 1851 4554 vgl.
1890 4486 1942 4538 Z.
1984 4488 2047 4539 16
2082 4504 2135 4539 u.
2172 4485 2423 4556 Register
2487 4488 2496 4554 Ι
2581 4486 2653 4540 11
2696 4492 2833 4554 γοῦν
2868 4504 2925 4538 m
3004 4486 3015 4552 Ι
3099 4486 3173 4539 12
3218 4478 3299 4539 ἔτι
3332 4503 3362 4537 r

735 4606 788 4643 τι
811 4588 856 4639 V
889 4590 896 4653 Ι
932 4587 1007 4641 13
1042 4588 1268 4663 διῆλθεν
1293 4586 1358 4652 V,
1396 4602 1529 4641 corr.
1553 4586 1644 4641 Mo
1675 4588 1683 4655 Ι
1733 4586 1961 4642 18--18
1986 4586 2139 4642 τά-
2160 4582 2461 4659 ἐβουλήθη]
2494 4587 2576 4641 als
2602 4586 2880 4641 Eusebius’
2902 4586 3097 4640 Worte
3122 4586 3249 4655 mg!
3283 4586 3352 4640 17

737 4685 864 4755 „235⁶
903 4683 1048 4742 ἑλὼν
1070 4728 1080 4739 .
1105 4728 1117 4739 .
1139 4728 1150 4741 .
1172 4682 1292 4743 ἄνω
1321 4686 1579 4758 γέννησιν
1605 4688 1754 4742 Zahn
1777 4690 1877 4743 113
1900 4688 2012 4758 vgl.
2037 4689 2130 4742 Mo
2154 4689 2237 4742 Re
2285 4690 2291 4757 Ι
2325 4688 2403 4743 26
2438 4687 2559 4757 τὸν]
2600 4684 2801 4743 ἑαυτὸν
2826 4688 2919 4743 Mo
2950 4692 2959 4757 Ι
2990 4687 3067 4743 28
3102 4688 3287 4755 τὴν<
3305 4706 3361 4741 m
