3694 5582
1133 515 1202 568 de
1237 513 1608 570 ecelesiastica
1639 511 1928 584 fiheologia
1962 514 2041 566 III
2075 515 2207 569 3.4.
2855 521 2971 582 157

351 687 569 753 στῶτι
614 677 829 770 λόγῳ,
885 683 960 750 ἐν
1013 675 1202 766 αὐτῷ
1249 683 1318 748 δὲ
1363 685 1464 766 τῷ
1511 685 1657 768 θεῷ
1706 671 1859 749 ὄντι
1918 685 2028 748 καὶ
2085 684 2513 768 σημαντικῶς
2558 681 2969 766 ἐνεργοῦντι,

356 781 675 868 ἄντικρυς
718 784 846 850 τοῦ
885 775 1370 866 εὐφραίνεσθαι
1412 784 1525 848 καὶ
1569 783 1695 847 τοῦ
1744 777 2080 850 »ἐνώπιον
2126 775 2373 850 αυτοῦ«
2424 775 2551 867 τὴν
2594 772 2973 872 υπόστασιν

354 877 570 954 αυτοῦ
627 878 1156 968 παριστῶντων.
1243 872 1417 948 ἀλλὰ
1472 875 1748 947 τούτων
1789 875 2189 965 Μάρκελλος
2244 875 2485 949 οῦδένα
2529 876 2739 965 λόγον
2753 905 2971 996 ,ποιη-

353 979 636 1070 σάμενος
678 977 919 1050 άθετετ
960 983 1080 1067 μὲν
1127 975 1253 1048 τὸν
1295 971 1464 1060 υἱόν,
1513 974 1720 1063 λόγον
1764 981 1839 1046 δέ
1880 999 2086 1064 φησιν
2130 980 2329 1048 ε’νδον
2369 970 2538 1048 ὄντα
2568 980 2642 1048 ἐν
2686 983 2787 1066 τῷ
2825 982 2970 1065 θεῷ

285 1093 318 1146 5
352 1087 530 1153 ποτὲ
571 1087 696 1170 μὲν
739 1083 1035 1168 ἐνεργείᾳ
1081 1081 1405 1164 δραστικῇ
1447 1082 1781 1163 προϊέναι,
1843 1083 2021 1148 ποτὲ
2082 1081 2155 1146 δὲ
2208 1080 2406 1147 ἔνδον
2449 1078 2621 1148 εἶναι
2664 1080 2737 1146 ἐν
2783 1072 2970 1164 (υτῷ

350 1180 464 1270 μὴ
485 1185 920 1268 ἐνεργοῦντα·
963 1185 1075 1249 καὶ
1123 1172 1244 1265 οὐχ
1272 1170 1415 1299 t666
1461 1168 1571 1246 ὅτι
1616 1173 1698 1247 τὸ
1746 1183 1963 1264 λέγειν
2028 1183 2037 1262 Ι
2104 1176 2273 1247 εἶναί
2316 1206 2384 1247 τι
2412 1175 2609 1258 ἐντὸς
2636 1183 2745 1247 καὶ
2778 1174 2973 1256 ἐκτὸς
3014 1184 3119 1240 167

354 1287 480 1353 τοῦ
521 1287 694 1352 θεοῦ
737 1275 1076 1351 σύνθετόν
1129 1306 1197 1348 τι
1249 1272 1656 1348 ὖποτίθεται
1715 1282 1828 1345 καὶ
1888 1274 2278 1363 σωματικὸν
2338 1273 2593 1360 πάθος,
2656 1273 2825 1362 ὅπερ
2887 1303 2969 1345 ου

352 1386 548 1467 θέμις
589 1383 699 1450 ἐπὶ
759 1386 883 1468 τῆς
945 1374 1280 1467 ἇγενήτου
1322 1380 1442 1447 καὶ
1489 1371 1857 1463 ἀσωμάτου
1910 1374 2177 1462 φύσεως
2227 1381 2733 1464 παραδέχεσθαι.
2820 1380 2969 1456 πῶς
3003 1386 3069 1440 64

353 1485 424 1550 δὲ
485 1487 598 1550 καὶ
657 1480 1030 1568 προελθῶν
1091 1472 1128 1548 6
1192 1488 1273 1549 λ
1236 1505 1395 1597 -γος
1466 1481 1726 1564 ἐγίνετο
1799 1482 1944 1548 τοῦ
1991 1473 2251 1564 κόσμου
2320 1474 2638 1566 ποιητής;
2708 1471 2969 1562 πότερα

259 1593 320 1647 10
354 1578 634 1668 γλώττῃ
677 1586 790 1652 καὶ
835 1585 1054 1666 φωνῇ,
1099 1567 1208 1665 <η>
1251 1573 1537 1657 πάντως
1581 1572 1804 1664 δήπου
1845 1580 1955 1644 καὶ
2003 1580 2337 1664 διαλέκτῳ
2382 1580 2803 1663 χρησαμένου
2845 1579 2971 1645 τοῦ

352 1685 554 1762 θεοῦ,·
595 1685 707 1749 καὶ
753 1685 890 1749 τίνι
935 1705 1020 1748 αν
1064 1681 1375 1764 διελέχθη
1419 1673 1706 1762 μηδενὸς
1750 1675 1985 1760 ετέρου
2037 1671 2375 1758 συνόντος
2437 1672 2658 1764 affinga,-
2727 1682 2863 1745 τίνι
2907 1670 2972 1743 δ’

354 1808 440 1849 αν
482 1786 596 1849 καὶ
640 1774 978 1866 ῶμίλησεν
1020 1776 1110 1866 μὴ
1152 1771 1502 1862 παρόντος
1545 1770 1762 1858 τινός,·
1815 1769 1965 1846 ἀλλ’
2019 1769 2227 1856 αὐτὸς
2280 1776 2503 1866 εαυτῷ
2560 1783 2973 1864 προσωμίλει

355 1885 554 1966 φωνῇ
598 1884 708 1946 καὶ
754 1882 1088 1964 διαλέκτῳ
1131 1875 1492 1964 χρώμενος,
1537 1869 1634 1956 ῶς
1675 1881 1788 1943 καὶ
1833 1872 1959 1945 τὸν
1990 1870 2201 1962 λόγον
2230 1878 2301 1960 ἐξ
2329 1872 2543 1947 αὐτοῦ
2570 1883 2974 1964 προελθεῖν,·

352 1987 465 2049 καὶ
506 1983 660 2060 πῶς
703 1974 848 2064 οὐχὶ
892 1982 1003 2045 καὶ
1047 1978 1244 2046 ε’νδον
1289 1966 1495 2056 ὄντος
1548 1978 1623 2045 ἐν
1666 1969 1855 2064 αὐτῷ
1900 1980 2028 2044 τοῦ
2070 1969 2281 2061 λόγου
2331 1980 2654 2064 δραστικῇ
2697 1970 2971 2063 δυνάμει
3007 1987 3073 2041 65

259 2094 322 2146 15
353 2074 555 2150 ταῦθ’
601 2069 774 2164 ὅπερ
815 2073 1132 2160 ἐβούλετο
1175 2080 1482 2162 συνίστη,
1528 2077 1673 2144 ἐπεὶ
1717 2079 1825 2143 καὶ
1870 2071 2053 2162 παρὰ
2106 2067 2510 2162 ἀνθρώποις
2555 2077 2631 2156 οἱ,
2663 2087 2973 2147 πλεῖστοι

356 2185 504 2249 τῶν
565 2183 992 2265 δημιουργῶν
1046 2181 1164 2245 ’καὶ
1223 2179 1624 2256 σιωπῶντες
1685 2172 1772 2244 τὰ
1832 2173 2099 2244 ἑαυτῶν
2154 2176 2543 2244 ἐκτελοῦσιν
2616 2178 2801 2262 ἔργα,
2862 2181 2973 2245 καὶ

353 2274 644 2366 μάλιστα
689 2269 808 2346 ὅτε
847 2281 1071 2364 μηδεὶς
1125 2271 1358 2357 αὐτοῖς
1410 2270 1694 2362 πάρεστι
1756 2277 2305 2361 δημιουργοῦσιν,·
2364 2278 2431 2342 τί
2488 2265 2615 2343 οὖν
2675 2273 2975 2344 ἐκώλυεν

353 2384 466 2446 καὶ
510 2375 640 2447 τὸν
682 2372 853 2445 θεὸν
910 2367 1098 2445 οὕτω
1151 2402 1304 2457 πως
1355 2371 1441 2442 τὰ
1502 2370 1730 2444 πάντα
1793 2369 2280 2460 συστήσασθαι,
2344 2375 2588 2460 ἔχοντα
2648 2377 2723 2443 ἐν
2784 2369 2971 2462 αὐτῷ

357 2474 484 2546 τὸν
527 2473 767 2563 λόγον;
811 2467 849 2544 6
895 2478 966 2543 δὲ
1017 2479 1126 2543 καὶ
1167 2470 1574 2544 ὑποτίθεται
1615 2469 1844 2543 εἰκόνα
1888 2467 2467 2560 ἀνδριαντοποιοῦ
2510 2471 2730 2562 ἑαυτῷ
2776 2496 2975 2560 προσ-

259 2593 322 2647 20
357 2580 836 2662 διαλεγομένου
877 2578 988 2643 καὶ
1030 2570 1204 2660 πρὸς
1248 2570 1494 2644 ἑαυτὸν
1538 2569 1952 2659 φάσκοντος·

481 2677 618 2760 (Nr.
659 2679 763 2760 52)
809 2671 929 2760 ἄγε
971 2669 1380 2760 ποιήσωμεν,
1427 2670 1543 2761 ἄγε
1585 2668 1957 2760 πλάσσομεν
2000 2668 2395 2760 ἀνδριάντα·

360 2766 546 2846 οῦτω
594 2769 719 2862 γάρ
781 2797 986 2861 φησιν
1046 2777 1156 2842 καὶ
1219 2769 1347 2843 τὸν
1407 2778 1556 2843 τῶν
1617 2765 1806 2844 ὅλων
1868 2766 2209 2862 δεσπότην
2270 2769 2439 2843 θεὸν
2498 2771 2671 2859 πρὸς
2733 2769 2977 2842 ἑαυτὸν

359 2878 694 2961 εἰρηκέναι
738 2871 822 2943 τὸ
872 2870 1302 2961 »ποιήσωμεν
1347 2871 1790 2961 ἄνθρωπονι,
1837 2868 1935 2955 ῶς
1976 2868 2309 2953 πολλάκις
2351 2866 2479 2960 ἤδη
2521 2876 2821 2961 παρέστη
2868 2870 2977 2941 διὰ

358 2981 504 3044 τῶν
536 2976 972 3092 ἔμπροσθεν,
1037 2968 1126 3041 δι’
1182 2963 1286 3042 ῶν
1329 2972 1510 3060 οἶμαι
1553 2970 1684 3060 τὴν
1728 2978 1821 3053 εἰς
1881 2969 2011 3043 τὸν
2070 2970 2220 3042 υἱὸν
2282 2978 2407 3041 τοῦ
2466 2976 2636 3041 θεοῦ
2696 2968 2977 3058 ἄρνησιν

261 3091 324 3145 25
358 3068 568 3143 αὐτοῦ
610 3078 1102 3161 γεγυμνῶσθαι.
1190 3070 1271 3142 τὸ
1313 3076 1436 3159 μὲν
1480 3070 1604 3159 γὰρ
1649 3068 1863 3142 αὐτὸν
1892 3070 2065 3159 πρὸς
2106 3069 2355 3152 εαυτόν
2386 3075 2812 3157 διαλέγεσθαι
2852 3068 2977 3139 τὸν
3012 3094 3077 3147 66

357 3171 526 3243 θεὸν
571 3175 771 3242 ἔνδον
803 3174 1046 3259 ἔχοντα
1089 3169 1217 3241 τὸν
1259 3171 1507 3241 ἑαυτοῦ
1550 3165 1758 3256 λόγον
1801 3167 2085 3257 φάσκειν
2128 3166 2486 3241 Ἰουδαϊκοῦ
2528 3196 2739 3250 τινος
2763 3173 2863 3258 εἴη
2895 3166 2977 3239 ἂν

359 3268 823 3359 φρονήματος·
869 3270 950 3342 τὸ
997 3276 1068 3341 δὲ
1113 3266 1324 3342 αυτὸν
1368 3269 1539 3342 εἶναι
1581 3276 1706 3339 τοῦ
1749 3273 1823 3339 ἐν
1868 3265 2057 3358 αὐτῷ
2105 3266 2315 3358 λόγου
2355 3275 2633 3355 πατέρα,
2678 3276 2789 3338 καὶ
2828 3268 2979 3338 υιὸν

359 3366 572 3441 αυτοῦ
613 3370 741 3442 τὸν
785 3375 860 3441 ἐν
902 3366 1091 3460 αὐτῷ
1147 3366 1384 3459 λόγον,
1447 3376 1570 3460 τῆς
1613 3377 1995 3457 Σαβελλίου
2037 3374 2435 3455 κακοδοξίας
2478 3360 2565 3457 ἦν
2607 3368 2975 3457 γνώρισμα·

521 3476 568 3543 4
610 3467 707 3553 ῶς
749 3462 834 3541 αὗ
875 3468 1085 3543 πάλιν
1126 3478 1238 3542 καὶ
1282 3469 1364 3541 τὸ
1411 3478 1630 3558 λέγειν
1675 3468 1762 3539 τὰ
1805 3476 1959 3556 τρία
1990 3470 2128 3555 <ἓν>
2166 3469 2354 3551 εἶναι,
2402 3467 2530 3538 τὸν
2571 3473 2835 3555 πατέρα
2864 3475 2975 3538 καὶ
3014 3467 3170 3538 ὅπως
3192 3472 3348 3544 Μάρ-

265 3585 328 3639 30
362 3568 488 3639 τὸν
530 3569 681 3641 υιόν
722 3577 834 3639 καὶ
877 3570 960 3641 τὸ
1005 3564 1199 3659 ἷὶγιον
1243 3576 1533 3657 πνεῦμα,
1587 3575 1970 3652 Σαβελλίου
2022 3567 2146 3657 γὰρ
2188 3573 2297 3636 καὶ
2341 3574 2569 3639 τοῦτο.
2656 3562 2694 3637 6
2740 3565 2820 3657 δὴ
2864 3575 2977 3637 καὶ

3012 3544 3225 3606 κελλος,
3271 3544 3351 3627 μὴ

3014 3610 3219 3674 συνιεὶς
3244 3608 3353 3693 τὰς

363 3664 528 3739 αυτὸ
573 3664 973 3755 Μάρκελλος
1017 3662 1157 3740 ῶδέ
1194 3698 1291 3759 πη
1335 3667 1622 3758 γράφων
1665 3666 2085 3756 ἀπεφαίνετο
3101 3696 3305 3749 ρατιας

485 3771 624 3853 (Nr
674 3774 778 3855 60)
841 3766 1184 3840 ἀδύνατον
1242 3768 1367 3857 γὰρ
1429 3788 1608 3857 τρεῖς
1657 3764 2062 3849 υποστάσεις
2106 3796 2186 3837 ου
2163 3760 2307 3849 ”σας
2352 3768 2674 3839 ἑνοῦσθαι
2717 3763 2977 3853 μονάδι,
3012 3764 3053 3812 μ

3080 3763 3150 3799 αν
3206 3750 3353 3801 εἰναι

3069 3808 3305 3897 ὡρίζετο

485 3872 543 3938 εἰ
600 3867 690 3957 μὴ
750 3867 1090 3959 πρότερον
1144 3864 1185 3956 ἦ
1229 3867 1418 3956 τριὰς
1465 3869 1593 3958 τὴν
1637 3865 1850 3957 ἀρχὴν
1912 3864 2048 3939 άπὸ
2108 3863 2405 3955 μονάδος
2464 3869 2624 3990 εχοιῃ
2684 3873 2693 3954 Ι
2760 3871 2979 3938 ἐκεῖνα
3018 3880 3134 3937 168
3216 3876 3350 3935 ι-πό-

485 3966 610 4093 γὰρ
656 3964 1322 4055 άνακεφαλαιοῦσθαι
1369 3971 1615 4054 ἔφησεν
1656 3964 1901 4056 μονάδι
1945 3962 1982 4037 0‘
2030 3963 2207 4054 ἱερὸς
2254 3973 2538 4052 Παῦλος,
2585 3964 2627 4037 ἃ
2658 3972 2865 4057 μηδὲν
2893 3974 2979 4054 τῇ
3015 4033 3055 4069 π

3094 3964 3289 4003 στασιν

3060 4013 3232 4087 ατρὸς
3254 4016 3352 4069 καὶ

268 4080 329 4134 35
485 4065 762 4156 ενότητι
804 4074 905 4156 τῷ
953 4074 1094 4155 θεῷ
1143 4072 1467 4155 διαφέρει·
1537 4062 1813 4153 ἑνότητι
1878 4066 2001 4154 γὰρ
2064 4062 2101 4137 o‘
2166 4063 2369 4153 λόγος
2418 4074 2529 4137 καὶ
2582 4067 2664 4138 τὸ
2718 4073 2981 4155 πνεῦμα
3062 4080 3187 4139 υἱοῦ
3220 4084 3319 4137 καί

485 4173 588 4257 τῶ
634 4172 782 4256 θεῷ
829 4172 1128 4254 διαφέρει
1169 4163 1362 4254 μόνα.

535 4336 570 4390 2
607 4336 769 4391 Prov.
803 4336 854 4403 8,
890 4337 958 4391 30
991 4365 1058 4375 -
1096 4335 1196 4391 411·
1225 4335 1336 4405 vgl.
1357 4334 1454 4389 Nr.
1475 4338 1555 4391 54.
1575 4336 1657 4390 9‘2.
1697 4337 1798 4391 108
1832 4365 1900 4374 —
1939 4335 2078 4392 19st
2107 4336 2219 4404 vgl.
2254 4336 2433 4391 Nr.52
2468 4366 2535 4375 -
2572 4336 2651 4391 28
2688 4336 2823 4392 Gen.
2843 4340 2889 4403 1,
2910 4338 2976 4392 ⁶26

365 4467 428 4476 -
469 4437 548 4492 24
584 4438 695 4507 vgl.
732 4438 784 4493 s.
821 4439 904 4505 43,
943 4438 1042 4493 7ff.
1105 4439 1218 4505 119,
1256 4438 1381 4494 29ff
1408 4467 1475 4476 —
1513 4435 1591 4492 34
1627 4436 1766 4506 Eph.
1803 4440 1851 4503 1,
1890 4438 1955 4491 10
3051 4424 3099 4463 ⁶·

537 4588 614 4643 1⁰
638 4585 684 4655 ἦ
721 4586 793 4641 Κ1
857 4590 866 4657 Ι
929 4588 1108 4657 δήπου
1146 4588 1232 4642 Ga.
1263 4588 1324 4643 δέ
1359 4605 1470 4642 που
1507 4587 1555 4641 V
1603 4589 1610 4654 Ι
1664 4588 1734 4641 17
1774 4574 2027 4660 πἀρέστη
2058 4587 2153 4651 V*,
2190 4604 2325 4643 corr.
2362 4587 2443 4642 V2
2506 4590 2515 4656 Ι
2580 4588 2659 4643 29
2696 4588 2816 4642 hier
2846 4588 2975 4644 aa.

363 4684 415 4759 γ’
451 4688 500 4740 V
565 4689 575 4757 Ι
639 4682 701 4743 ἓν
741 4688 812 4743 ΚΙ
875 4692 884 4757 f
950 4690 1028 4746 85
1065 4696 1168 4745 τοῦ
1201 4693 1346 4745 θεοῦ
1381 4689 1477 4753 V*,
1517 4706 1649 4744 corr.
1687 4689 1765 4742 V²

3100 4146 3266 4237 ἁγίου

3012 4236 3351 4287 πνευματος.
