3694 5582
1206 546 1274 600 de
1309 545 1680 602 ecclesiastiea.
1711 544 1997 614 theologia
2029 542 2107 596 III
2143 543 2191 597 3.
2894 549 3009 610 149

393 707 478 782 τὸ
520 705 960 795 περιβόλαιον
1005 704 1272 781 αύτοῦι.
1359 715 1577 781 ταῦτα
1619 716 1730 779 καὶ
1793 709 1880 780 τὰ
1932 706 2203 789 τούτοις
2255 703 2517 794 ἀδελφὰ
2573 714 3007 796 διηκρίβωσεν
3042 715 3109 769 19

391 807 498 892 ἂν,
543 812 604 880 εἲ
641 837 748 890 τις
792 800 878 897 ῆν
923 804 1112 899 αὐτῷ
1160 815 1445 899 φροντὶς
1490 815 1612 898 τῆς
1655 806 1935 880 τούτων
1976 805 2445 898 καταλήψεως.
2533 812 2658 878 νῦν
2721 811 2793 876 δὲ
2843 833 3006 894 προ-

389 917 628 996 χείρως
673 902 898 991 οὕτως
941 917 1052 980 καὶ
1098 915 1590 998 διαλελυμένως
1632 907 1756 990 τὰς
1809 914 1957 980 τῶν
2019 902 2235 996 άγίων
2295 911 2570 995 καρδίας
2632 905 2755 990 τὰς
2813 903 3006 990 ἀβύσ-

389 1029 548 1089 σους
601 1009 778 1079 εἶναι
841 1005 1396 1099 ἀποφηνάμενος,
1460 1003 1604 1079 οὐδ’
1663 1001 1891 1089 οὕτως
1951 1013 2239 1094 συνῆκεν
2283 1003 2378 1088 ῶς
2422 1005 2557 1094 πρὸ
2605 1013 2751 1076 τῶν
2795 1001 3008 1093 άγίων

319 1121 352 1174 5
387 1115 497 1178 καὶ
541 1116 902 1196 θεοφιλῶν
955 1105 1232 1199 ἀνδρῶν
1287 1116 1433 1180 τῶν
1485 1113 1554 1194 ἐξ
1616 1113 1869 1188 αἰῶνος
1930 1112 2320 1196 γενομένων
2382 1105 2627 1177 ἑαυτὸν
2686 1102 3009 1194 ὑπάρχειν

391 1212 689 1294 ἐδίδαξεν
734 1203 772 1279 ό
817 1208 1035 1279 εἰπών
1089 1206 1260 1298 »πρὸ
1305 1215 1432 1281 τοῦ
1476 1207 1599 1291 τὰς
1643 1203 1969 1294 ἀβύσσους
2020 1212 2359 1296 ποιῆσαιι·
2423 1203 2519 1288 ῶς
2570 1203 3011 1295 πανταχόθεν

390 1306 478 1397 μὴ
553 1306 884 1380 δύνασθαι
947 1315 1032 1397 τῇ
1092 1316 1286 1399 σαρκὶ
1356 1314 1482 1380 τοῦ
1550 1313 1860 1396 σωτῆρος
1921 1302 2326 1396 ἐφαρμόζειν
2386 1305 2505 1390 τὰς
2565 1309 3009 1393 προκειμένας

389 1413 614 1493 λέξεις.
701 1402 740 1478 ό
785 1411 858 1478 δὲ
901 1403 1006 1495 ἐφ’
1051 1409 1292 1498 ἑτέραν
1341 1408 1634 1498 μεταβὰς
1679 1408 1875 1496 ῥῆσιν
1924 1413 2047 1496 τῆς
2091 1403 2300 1496 αὐτῆς
2343 1411 2633 1495 γραφῆς,
2694 1413 2806 1476 καὶ
2850 1403 3005 1475 ταύ-
3039 1409 3109 1464 20

389 1535 520 1596 την
562 1502 788 1588 οὕτως
832 1507 1176 1598 ἑρμηνεύει
1221 1515 1442 1597 λέγων

289 1619 352 1673 10
513 1610 650 1693 (Nr.
694 1614 799 1694 20)
855 1614 922 1677 τί
976 1613 1210 1679 τοίνυν
1262 1609 1448 1681 ἔστιν
1498 1614 1610 1678 καὶ
1661 1613 1860 1680 τουτὶ
1890 1605 1987 1700 ,τὸ
2031 1602 2406 1692 κεφάλαιον
2454 1602 2623 1694 »πρὸ
2670 1610 2795 1676 τοῦ
2836 1633 3005 1694 προ-

515 1715 744 1778 ελθεῑν
803 1706 926 1789 τὰς
977 1707 1197 1797 πηγὰς
1241 1715 1388 1780 τῶν
1445 1704 1794 1790 ὖδάτων«;
1853 1706 2014 1789 τούς
2072 1705 2293 1794 ἱεροὺς
2354 1700 2780 1786 ἀποστόλους
2840 1705 3009 1774 εἶναί

513 1827 737 1892 φησιν.
823 1812 1034 1878 τοῦτο
1098 1813 1168 1878 δὲ
1221 1802 1382 1897 ἡμῖν
1423 1805 1506 1877 τὸ
1548 1804 1919 1897 μυστήριον
1978 1812 2387 1896 παρίστησιν
2448 1801 2489 1894 ἦ
2550 1811 2675 1895 τῆς
2731 1800 3005 1891 Ἐξόδου

513 1906 740 1994 γραφὴ
785 1905 946 1988 τοὺς
989 1914 1136 1979 τῶν
1197 1903 1613 1980 ἀποστόλων
1665 1907 1921 1990 τύπους
1971 1903 2185 1977 πάλαι
2235 1903 2815 1994 προαγορεύουσα,
2879 1904 3007 1975 δώ·-
3040 1907 3105 1960 21

512 2010 674 2075 δεκα
734 2005 859 2094 γὰρ
923 1998 1155 2078 ὄντων
1215 2004 1342 2078 τὸν
1404 2002 1702 2097 ἀριθμὸν
1759 2014 1909 2079 τῶν
1968 2001 2383 2079 ἀποστόλων
2443 2004 2707 2076 δώδεκα
2764 2011 3007 2092 πηγῶν

287 2116 352 2168 15
511 2109 860 2193 μέμνηται.

385 2207 497 2272 καὶ
543 2209 761 2274 ταῦτα
804 2210 1031 2294 λέγων
1074 2202 1156 2277 ού
1199 2212 1507 2296 συνίησιν
1552 2203 1648 2289 ῶς
1689 2213 1802 2278 καὶ
1845 2200 2255 2300 τοῦοἸσραὴλ
2287 2203 2551 2276 δώδεκα
2592 2196 2764 2293 ἦσαν
2802 2211 3009 2291 φυλαὶ

387 2309 500 2372 καὶ
545 2303 810 2374 δώδεκα
855 2307 920 2377 οἱ
966 2303 1240 2378 τούτων
1281 2304 1692 2394 πατριάρχαι
1730 2314 1849 2394 μία
1894 2332 1969 2374 τε
2013 2312 2241 2388 βίβλος
2287 2300 2328 2392 ἦ
2370 2311 2520 2376 τῶν
2552 2302 2813 2375 δώδεκα
2842 2331 3007 2391 προ·

390 2407 661 2490 φητῶν,
725 2397 903 2476 ἀλλὰ
945 2412 1057 2476 καὶ
1103 2407 1365 2478 δώδεκα
1409 2411 1534 2494 τῆς
1578 2401 1824 2494 ἡμέρας
1887 2396 2061 2492 ῶραι
2120 2410 2231 2474 καὶ
2291 2409 2495 2494 μῆνες
2556 2408 2685 2474 τοῦ
2743 2401 3008 2483 παντὸς

388 2503 586 2584 ἔτους
631 2500 908 2576 δώδεκα.
996 2512 1064 2574 τί
1106 2497 1231 2576 οὖν
1271 2511 1538 2594 μᾶλλον
1587 2521 1733 2587 τοῖς
1785 2500 2203 2588 ἀποστόλοις
2251 2498 2296 2592 ἢ
2347 2508 2631 2585 ἐκείνοις
2674 2495 2923 2574 ἅπασιν
2968 2495 3005 2573 ὁ
3042 2508 3109 2564 22

287 2615 354 2670 20
387 2606 536 2670 τῶν
597 2600 860 2674 δώδεκα
921 2609 1224 2690 διέφερεν
1287 2601 1602 2693 ἀριθμός,
1664 2609 1721 2674 εἰ
1781 2603 1861 2694 δὴ
1925 2611 2050 2675 τοῦ
2091 2609 2314 2676 ποσοῦ
2372 2631 2477 2686 τις
2538 2598 2825 2692 ἀριθμὸς
2876 2600 3008 2691 τὴν

386 2704 612 2771 αἰτίαν
673 2697 862 2793 αύτῷ
927 2709 1049 2793 τῆς
1109 2709 1371 2775 τοιασδὶ
1432 2711 1560 2777 τοῦ
1619 2701 1829 2791 λόγου
1886 2722 2200 2793 παρεῖχεν
2261 2705 2639 2794 ἑρμηνείας;
2707 2707 2875 2793 χρῆν
2938 2707 3009 2773 δὲ

389 2806 679 2872 συνιδεῖν
723 2799 819 2885 ῶς
863 2809 974 2873 καὶ
1019 2808 1084 2875 οἱ
1129 2810 1254 2875 τοῦ
1296 2811 1467 2877 θεοῦ
1525 2811 1908 2895 προφῆται,
1973 2803 2129 2875 καθ’
2179 2798 2217 2875 ὃ
2263 2809 2389 2876 τοῦ
2432 2800 2646 2875 αὐτοῦ
2688 2809 3009 2892 μετέσχον

386 2898 777 2988 πνεύματος
821 2897 1032 2990 ἇγίου,
1078 2898 1201 2974 οὐκ
1245 2896 1416 2992 ἦσαν
1458 2900 1809 2993 ἀλλότριοι
1852 2910 1999 2975 τῶν
2028 2912 2289 2993 πηγῶν.
2363 2902 2468 2975 διὸ
2515 2911 2826 2975 λέλεκται
2854 2910 3009 2990 περὶ

387 2996 624 3071 αὐτῶν
683 3006 758 3072 ἐν
832 3009 1126 3091 Ψαλμοῖς
1192 3007 1301 3074 »ἐν
1363 3008 1739 3093 ἐκκλησίαις
1798 2999 2137 3092 εὐλογεῖτε
2199 3001 2327 3074 τὸν
2384 3001 2557 3075 θεὸν
2624 3001 2861 3091 κύριον
2932 3007 3009 3073 ἐκ

285 3112 350 3168 25
386 3106 630 3189 πηγῶν
672 3096 982 3192 Ἰσραήλι.
1070 3100 1250 3174 ὥστε
1290 3109 1402 3175 καὶ
1443 3101 1576 3191 πρὸ
1621 3107 1907 3174 ἐκείνων
1952 3111 2099 3174 τῶν
2148 3110 2396 3192 πηγῶν
2438 3098 2808 3192 ἀναγκαῖον
2849 3097 3003 3192 όμο-
3040 3107 3107 3163 23

385 3206 612 3288 λογεῖν
655 3197 787 3272 τὸν
827 3198 978 3273 υἱὸν
1021 3202 1193 3273 εἶναι
1236 3208 1362 3274 τοῦ
1404 3210 1576 3275 θεοῦ
1618 3200 1746 3273 τὸν
1789 3208 2077 3291 λέγοντα
2125 3199 2295 3291 »πρὸ
2326 3207 2453 3273 τοῦ
2481 3212 2853 3291 προελθεῖν
2884 3200 3006 3284 τὰς

385 3298 606 3387 πηγὰς
649 3307 800 3371 τῶν
841 3296 1179 3373 ὖδάτωνι.
1266 3297 1303 3372 ό
1347 3308 1420 3373 δὲ
1463 3299 1846 3373 ἐπάκουσον
1889 3296 2082 3383 ὅπως
2126 3300 2491 3391 ἑρμηνεύει,
2536 3307 2759 3390 λέγων

511 3402 647 3483 (Nr.
691 3406 797 3487 20)
853 3396 1138 3484 εἰκότως
1191 3393 1316 3472 οὗν
1367 3407 1522 3490 περὶ
1566 3407 1689 3491 τῆς
1729 3398 1907 3471 κατὰ
1948 3396 2162 3486 σάρκα
2204 3408 2525 3489 γενέσεως
2578 3396 2615 3472 ό
2678 3399 3009 3490 δεσπότης

514 3496 622 3569 διὰ
667 3504 794 3570 τοῦ
843 3496 1212 3589 προφήτου
1271 3508 1693 3588 Σολομῶνος
1754 3505 1975 3590 λέγων
2040 3498 2211 3589 »πρὸ
2274 3506 2401 3571 τοῦ
2461 3509 2827 3587 προελθεῖν
2886 3500 3008 3582 τὰς

286 3608 352 3662 30
510 3596 732 3687 πηγὰς
776 3606 922 3669 τῶν
964 3593 1276 3670 ὑδάτων(
1327 3602 1475 3690 ἔφη.

384 3704 496 3767 καὶ
541 3700 846 3786 ἐπιφέρει
3040 3705 3108 3759 24

511 3801 648 3883 (Nr.
692 3802 802 3887 20)
849 3790 1036 3869 οὕτω
1083 3796 1209 3889 γὰρ
1255 3793 1296 3870 ό
1337 3797 1566 3888 σωτὴρ
1609 3797 1783 3888 πρὸς
1843 3798 1969 3883 τὰς
2008 3798 2191 3885 ἱερὰς
2250 3796 2471 3888 πηγὰς
2529 3799 2659 3888 ἔφη
2728 3828 3004 3889 »πορευ-

513 3904 758 3978 θέντες
799 3898 1272 3986 μαθητεύσατε
1315 3895 1547 3969 πάντα
1591 3904 1676 3969 τὰ
1723 3902 1954 3988 ἔθνηι.

385 3993 526 4067 εἷθ’
571 3992 801 4082 ῶσπερ
846 3998 1246 4084 συναγαγών
1292 3996 1418 4069 τὸν
1461 3996 1692 4086 λόγον,
1740 3997 1821 4070 τὸ
1869 4004 2301 4088 συμπέρασμα
2353 3994 2586 4086 ἐπάγει
2629 4006 2716 4087 τῇ
2762 4000 3007 4071 ἑαυτοῦ

287 4102 352 4157 35
386 4092 681 4185 διηγήσει
723 4100 943 4184 λέγων
1022 4102 1032 4182 Ι
3048 4106 3167 4163 160

510 4198 650 4281 (Nr.
711 4201 816 4284 21)
873 4192 1316 4283 πανταχόθεν
1378 4194 1590 4284 δῆλόν
1650 4200 1835 4268 ἐστιν
1895 4195 2057 4280 τοὺς
2117 4196 2335 4283 ἱεροὺς
2408 4193 2834 4281 ἀποστόλους
2896 4204 3008 4267 καὶ

509 4294 734 4384 πηγὰς
777 4302 1125 4382 τροπικῶς
1169 4292 1572 4385 ω’νομάσθαι
1613 4292 1750 4367 ὑπὸ
1795 4303 1924 4368 τοῦ
1965 4293 2353 4385 προφήτου.

558 4464 595 4520 8
629 4464 742 4535 vgl.
779 4464 872 4519 Nr.
910 4466 976 4520 19
1011 4494 1078 4505 ——
1113 4466 1151 4521 6
1188 4464 1348 4521 Prov.
1383 4466 1433 4534 8,
1468 4466 1536 4521 24
1586 4495 1655 4505 -
1709 4466 1789 4522 10
1825 4466 1986 4521 Prov.
2022 4468 2072 4535 8,
2108 4466 2176 4520 24
2226 4494 2294 4504 -—
2353 4465 2428 4521 14
2466 4465 2565 4520 Ex.
2604 4469 2685 4535 15,
2722 4468 2787 4523 27
2822 4498 2889 4506 —
2936 4466 3011 4522 24

383 4565 472 4620 Pe.
508 4566 593 4633 67,
629 4566 694 4620 27
731 4594 798 4605 —·-
834 4565 913 4621 26
947 4566 1107 4622 Prov.
1143 4568 1194 4637 8,
1228 4568 1296 4621 24
1329 4596 1396 4606 —
1433 4567 1510 4623 32
1551 4567 1750 4623 Matth.
1787 4568 1871 4633 28,
1908 4570 1974 4622 19

533 4714 639 4771 ‘20
673 4721 795 4781 τοῖς
830 4711 1084 4789 ἀριθμὸν
1119 4718 1215 4785 V*‚
1253 4734 1390 4773 corr.
1427 4718 1504 4771 V2
1565 4718 1574 4787 Ι
1639 4718 1719 4773 29
1754 4716 2023 4788 λέγοντος
2058 4718 2183 4773 and.
2221 4719 2299 4773 St.
2335 4719 2372 4773 l.
2406 4716 2589 4788 λέγων
2622 4716 2732 4773 td?
