3694 5582
1179 522 1248 576 de
1283 521 1656 577 ecelesiastica
1687 521 1973 595 theologia
2006 521 2085 575 III
2119 524 2167 578 5·
2880 529 2989 592 161

367 709 518 772 μου,
581 686 836 764 ἐκεῖνος
892 679 1064 773 ὑμᾶς
1124 681 1372 772 διδάξει
1432 682 1664 757 πάντα
1723 693 1834 756 καὶ
1897 682 2269 776 ὑπομνήσει
2329 681 2497 773 ὑμᾶς
2566 682 2793 756 πάντα
2866 677 2991 756 ὅσα

369 783 625 853 elnone.
695 783 832 871 ἐγῶ
860 789 984 873 μὲν
1025 782 1154 873 γὰρ
1185 791 1358 868 τέως
1389 781 1590 856 ταῦθ’
1619 781 1775 874 ὑμῖν
1806 782 2167 873 λελάληκα,
2215 792 2439 872 φησίν,
2483 781 2567 854 τὸ
2614 789 2683 855 δὲ
2725 789 2989 872 πνεῦμα
3060 797 3089 848 7

369 887 490 970 τῆς
534 878 879 971 ἀληθείας,
944 877 982 954 5
1024 892 1138 954 καὶ
1184 881 1353 958 αὐτὸ
1397 891 1644 974 πέμψει
1687 880 1726 957 5
1771 881 1997 973 πατήρ
2040 913 2187 974 μου,
2232 880 2463 954 πάντα
2506 880 2675 971 ὖμᾶς
2718 881 2986 970 διδάξει,

368 974 492 1052 ὅσα
539 988 664 1052 νῦν
707 979 793 1053 οὗ
837 980 1276 1073 μεμαθήκατε
1320 984 1430 1056 διὰ
1473 984 1556 1056 τὸ
1600 985 1690 1074 μὴ
1732 1001 1977 1074 χωρεῖν
2019 981 2208 1073 ὑμᾶς·
2255 978 2405 1055 ἀλλ’
2435 988 2688 1066 ἐκεῖνος
2732 986 2985 1056 ἐλθών.
3055 997 3089 1051 8

301 1101 332 1154 5
367 1089 543 1171 λέγω
589 1087 662 1152 δὲ
705 1077 744 1153 5
786 1079 1242 1171 παράκλητος,
1289 1080 1766 1173 ἀναπληρώσει
1809 1083 1941 1173 τὴν
1984 1089 2447 1166 διδασκαλίαν,
2490 1082 2662 1172 μετὰ
2705 1088 2833 1154 τοῦ
2876 1089 2985 1152 καὶ

367 1189 514 1253 τῶν
577 1188 700 1254 νῦν
757 1187 1148 1271 λεγομένων
1204 1178 1319 1254 υπ’
1381 1186 1544 1273 ἐμοῦ
1601 1182 1871 1273 μνήμην
1929 1179 2086 1273 υμῖν
2144 1186 2517 1273 ἐμποιῆσαι.
2618 1189 2729 1254 καὶ
2791 1174 2989 1266 αὖθις

365 1279 598 1371 ἐπάγει
661 1275 871 1353 »ὅταν
923 1287 994 1352 δὲ
1039 1283 1212 1370 ἔλθῃ
1255 1277 1296 1354 5
1337 1280 1776 1372 παράκλητος
1837 1276 1921 1354 ὃν
1963 1282 2099 1371 ἐγώ
2149 1289 2399 1371 πέμψω
2442 1277 2598 1371 υμῖν
2638 1281 2819 1371 παρὰ
2863 1287 2990 1354 τοῦ

363 1378 782 1468 πατρός,τό
825 1387 1088 1470 πνεῦμα
1133 1387 1254 1471 τῆς
1307 1378 1635 1472 άληθείας
1695 1376 1732 1453 5
1794 1380 1981 1469 παρὰ
2042 1388 2168 1453 τοῦ
2219 1379 2479 1468 πατρὸς
2531 1379 2987 1469 ἐκπορεύεται,

363 1483 620 1563 ἐκεῖνος
661 1477 1071 1570 μαρτυρήσει
1112 1486 1268 1569 περὶ
1309 1487 1530 1572 ἐμοῦι.
1615 1479 1708 1553 δι’
1755 1509 1859 1552 ων
1911 1477 2247 1554 ἁπάντων
2302 1489 2541 1570 σαφῶς
2582 1485 2987 1571 παρίστησιν

271 1600 332 1652 10
363 1582 626 1652 ἐκεῖνον
685 1578 813 1650 τὸν
871 1577 987 1651 υπ’
1034 1576 1248 1652 αὐτοῦ
1307 1578 1747 1671 πεμπόμενον
1797 1588 1908 1653 καὶ
1960 1579 2133 1667 [τὸν]
2189 1587 2531 1671 μέλλοντα
2574 1587 2729 1670 περὶ
2774 1577 2985 1652 αὐτοῦ

359 1699 722 1766 μαρτυρεῖν
776 1681 1012 1770 ἕτερον
1071 1681 1242 1752 εἶναι
1302 1678 1461 1771 παρ’
1523 1677 1787 1753 εαυτὸν.
1890 1678 2395 1802 ἐπεξεργάζεται
2454 1685 2525 1750 δὲ
2585 1678 2713 1752 τὸν
2774 1677 2983 1769 λόγον
3052 1689 3085 1743 9

361 1779 461 1848 ἔτι
502 1784 769 1867 μᾶλλον
809 1788 922 1850 καὶ
975 1775 1058 1849 δι’
1117 1808 1219 1851 ων
1270 1785 1560 1869 ἐπιλέγει
1617 1777 1800 1854 »ἀλλ’
1847 1783 1982 1870 ἐγώ
2028 1779 2157 1870 τὴν
2200 1775 2533 1870 ἀλήθειαν
2584 1786 2765 1869 λέγω
2803 1777 2981 1870 ὑμῖν,

360 1883 679 1966 συμφέρει
719 1874 878 1967 υμῖν
923 1883 1032 1949 ἵνα
1073 1879 1208 1968 ἐγώ
1255 1875 1560 1951 άπέλθω.
1645 1879 1765 1950 ἐὰν
1809 1879 1935 1969 γὰρ
1977 1878 2067 1969 μὴ
2110 1876 2419 1965 ἀπέλθω,
2466 1874 2505 1951 5
2548 1877 2985 2002 παράκλητος

361 1973 487 2049 οὐκ
532 1981 791 2066 ἔρχεται
832 1976 1006 2066 πρὸς
1049 1974 1242 2065 υμᾶς·
1306 1977 1426 2050 ἐὰν
1475 1985 1546 2050 δὲ
1589 1986 1941 2068 πορευθῶ,
1986 1986 2235 2069 πέμψω
2282 1975 2497 2051 αυτὸν
2540 1978 2714 2067 πρὸς
2755 1975 2981 2068 υμᾶςε.

267 2095 326 2150 15
361 2072 688 2148 ἀπελθεῖν
731 2083 802 2147 δὲ
845 2076 1094 2148 ἑαυτὸν
1139 2085 1358 2167 λέγων
1401 2081 1476 2149 ἐν
1520 2107 1794 2160 τουτοις
1834 2107 1911 2149 τε
1958 2078 2039 2150 τὸ
2081 2075 2311 2162 πάθος
2340 2080 2587 2149 ἑαυτοῦ
2630 2076 2980 2168 ἐσήμαινεν

358 2183 470 2245 καὶ
514 2174 644 2264 τὴν
685 2177 852 2264 μετὰ
896 2183 1108 2251 τοῦτο
1152 2174 1326 2268 πρὸς
1371 2177 1500 2250 τὸν
1527 2186 1788 2264 πατέρα
1818 2176 2091 2250 ἄνοδον.
2166 2185 2269 2260 τίς
2296 2171 2423 2249 οὖν
2452 2205 2678 2261 ουτως
2708 2174 2979 2268 ἠλίθιος
3018 2185 3081 2239 10

361 2271 458 2358 ῶς
498 2273 668 2363 μετὰ
715 2275 1052 2359 τοσαύτας
1096 2276 1338 2365 φωνὰς
1382 2277 1500 2349 ἕνα
1541 2284 1653 2348 καὶ
1697 2276 1826 2349 τὸν
1864 2275 2077 2348 αὐτὸν
2120 2281 2291 2349 εἶναι
2336 2275 2547 2364 φάναι
2590 2277 2719 2348 τὸν
2760 2282 2977 2348 ταῦτα

359 2381 650 2464 λέγοντα
689 2382 802 2446 καὶ
845 2375 976 2448 τὸν
1016 2384 1170 2464 περὶ
1213 2405 1294 2448 ου
1339 2372 1532 2448 ταῦτ
1575 2379 1831 2465 ἔλεγεν,
1895 2374 2171 2449 άκούων
2232 2373 2445 2449 αυτοῦ
2494 2382 2734 2464 σαφῶς
2778 2383 2975 2465 διορι-

360 2481 644 2563 ζομένου
687 2475 816 2565 τὴν
859 2472 1190 2567 ἀλήθειαν
1236 2474 1545 2563 φάσκειν,
1599 2484 1712 2548 καὶ
1755 2483 1859 2559 τίς
1903 2473 1945 2566 ἦ
1988 2473 2278 2567 ἀλήθεια
2320 2481 2832 2563 παριστῶντος,
2878 2507 2977 2558 ως

264 2593 326 2646 20
360 2577 414 2644 εἰ
455 2574 545 2665 μὴ
588 2571 886 2647 άπέλθοι
927 2571 1152 2660 αυτός,
1195 2575 1286 2666 μὴ
1333 2604 1419 2647 αν
1461 2604 1633 2646 ποτε
1679 2572 1863 2665 ἥξειν
1906 2574 1989 2646 τὸ
2034 2570 2231 2665 άγιον
2260 2581 2538 2663 πνεῦμα.
2608 2577 2665 2644 εἰ
2702 2579 2775 2646 δὲ
2803 2581 2975 2646 ποτὲ
3012 2586 3073 2638 11

356 2679 477 2762 μὲν
521 2672 650 2745 τὸν
691 2679 952 2764 πατέρα
995 2681 1289 2764 πέμψειν
1350 2674 1430 2747 τὸ
1475 2681 1736 2764 πνεῦμα
1792 2675 1874 2747 τὸ
1918 2703 2115 2764 αγιον
2156 2681 2329 2746 ποτε
2374 2679 2444 2746 δὲ
2488 2672 2734 2746 ἑαυτὸν
2777 2678 2975 2764 διορί-

359 2783 558 2860 ζεται,
605 2769 731 2845 οὐκ
774 2777 1049 2847 ἐναντία
1093 2773 1446 2866 δήπουθεν
1477 2771 1794 2847 διδάσκει·
1838 2773 2069 2849 πάντα
2098 2775 2223 2865 γὰρ
2254 2767 2379 2847 ὅσα
2409 2773 2531 2848 ἐὰν
2565 2780 2813 2862 »βλέπῃ
2850 2773 2975 2845 τὸν

355 2878 616 2962 πατέρα
657 2880 1061 2959 ποιοῦνται,
1129 2882 1382 2947 »ταῦτα
1428 2869 1683 2963 δμοίως
1723 2882 1836 2946 καὶ
1882 2872 1921 2948 5
1964 2875 2113 2959 υἱὸς
2178 2884 2187 2964 Ι
2258 2893 2475 2947 ποιεῖ«
2542 2881 2654 2945 καὶ
2704 2876 2976 2957 »καθώς
3012 2888 3131 2943 172

356 2967 604 3057 ἀκούει,
647 2981 916 3063 κρίνειε.
986 2971 1090 3045 διὸ
1125 2982 1207 3064 τῇ
1249 2982 1379 3046 τοῦ
1419 2973 1680 3063 πατρὸς
1719 2982 1949 3064 κρίσει,
1996 2968 2113 3047 ὅτε
2155 2982 2267 3045 καὶ
2296 2973 2616 3061 βούλεται
2655 2968 2695 3045 5
2725 2970 2973 3063 πατήρ,

261 3090 322 3143 25
355 3078 728 3161 τηνικαῦτα
757 3068 795 3143 5
823 3071 970 3156 υίὸς
995 3080 1106 3145 καὶ
1132 3078 1182 3163 †
1227 3071 1308 3145 δι’
1357 3070 1569 3146 αὐτοῦ
1612 3070 1650 3147 5
1695 3074 1927 3163 σωτὴρ
1972 3070 2379 3147 ἀποστέλλει
2408 3091 2557 3155 τοῖς
2599 3070 2815 3144 αὐτοῦ
2854 3101 2975 3161 μα-

357 3180 600 3261 θηταῖς
643 3170 725 3242 τό
769 3180 1034 3262 πνεῦμα
1077 3180 1201 3264 τῆς
1243 3171 1566 3264 ἀληθείας
1613 3174 1695 3246 τὸ
1739 3172 2201 3264 παράκλητον,
2246 3173 2417 3261 πρὸς
2445 3170 2529 3242 τὸ
2558 3181 2973 3259 παρακαλεῖν

353 3266 600 3353 αὖτοὺς
659 3278 771 3341 καὶ
821 3284 1370 3362 παραμυθεῖσθαι
1427 3270 1532 3363 ἐφ’
1577 3272 1683 3358 οἶς
1725 3272 2184 3361 κηρύττοντες
2245 3271 2326 3344 τὸ
2388 3268 2773 3360 εὐαγγέλιον
2834 3266 2969 3341 ὑπὸ

353 3378 498 3443 τῶν
543 3368 982 3443 ἐλαυνόντων
1025 3368 1276 3455 αὖτοὺς
1327 3378 1646 3462 ἔπασχον·
1709 3369 1792 3445 οὗ
1830 3368 2050 3461 μόνον
2095 3378 2166 3443 δὲ
2208 3370 2379 3461 πρὸς
2424 3369 2506 3441 τὸ
2550 3382 2969 3459 παρακαλεῖν
3004 3382 3069 3435 12

352 3467 626 3555 αὐτούς,
681 3468 858 3543 άλλά
907 3479 1018 3542 καὶ
1068 3472 1240 3561 πρὸς
1295 3473 1375 3543 τὸ
1429 3469 1690 3558 διδάξαι
1734 3468 1983 3553 αὐτοὺς
2022 3478 2249 3544 πᾶσαν
2294 3472 2422 3561 τὴν
2466 3465 2801 3557 ἀλήθειαν
2844 3474 2967 3558 τῆς

255 3584 320 3639 30
349 3577 586 3659 καινῆς
647 3570 1003 3661 διαθήκης,
1067 3569 1155 3661 ἢν
1214 3569 1338 3643 οὖκ
1396 3572 1700 3661 ἐχώρουν
1757 3568 1894 3642 ὑπὸ
1957 3576 2083 3642 τοῦ
2144 3576 2452 3660 σωτῆρος
2514 3563 2963 3653 διδάσκεσθαι,

351 3664 645 3759 ὁπηνίκα
687 3678 902 3741 ταῦτα
947 3668 1180 3796 αὐτοῖς
1223 3668 1458 3761 ωμίλει
1518 3669 1629 3742 διὰ
1689 3668 1771 3741 τὸ
1833 3671 1935 3739 ἔτι
1994 3678 2081 3759 τῇ
2123 3667 2441 3758 Ἰουδαϊκῇ
2497 3673 2965 3740 δεδουλῶσθαι

351 3766 599 3859 ἀγωγῇ.
685 3778 902 3841 ταῦτα
963 3776 1032 3841 δὲ
1085 3774 1302 3859 ἔργοις
1361 3768 1658 3860 ἐπλήρου
1713 3768 1884 3858 μετὰ
1944 3768 2074 3859 τὴν
2134 3773 2209 3841 ἐκ
2270 3774 2536 3858 νεκρῶν
2596 3763 2965 3839 ἀνάστασιν
3004 3784 3065 3838 13

351 3863 578 3940 αὐτοῦ.
638 3864 789 3957 μεθ’
833 3869 918 3960 ἣν
963 3872 1178 3941 είπών
1219 3878 1306 3959 τῇ
1337 3878 1564 3961 Μαρίᾳ
1600 3867 1723 3958 »μή
1751 3897 1885 3958 μου
1920 3861 2160 3952 άπτου,
2202 3860 2399 3939 οὔπω
2429 3863 2555 3956 γὰρ
2588 3863 2963 3956 ἀναβέβηκα

347 3966 519 4055 πρὸς
564 3968 690 4039 τὸν
732 3977 990 4058 πατέρα
1031 3998 1229 4059 μους,
1291 3968 1457 4057 μετὰ
1519 3976 1738 4039 ταῦτα
1799 3962 1921 4041 άτε
1981 3968 2061 4057 δὴ
2124 3964 2570 4055 ἀνεληλυθώς
2619 3963 2797 4053 πρὸς
2838 3966 2967 4037 τὸν

251 4080 316 4135 35
347 4073 610 4155 πατέρα
653 4087 798 4151 τοῖς
839 4079 1176 4159 μαθηταῖς
1221 4066 1452 4157 ὤφθη,
1500 4074 1626 4140 τοῦ
1671 4064 1865 4156 άγίου
1894 4066 2281 4156 πνεύματος
2308 4060 2819 4155 άπεσταλμένου
2854 4073 2965 4138 καὶ

517 4288 547 4344 ¹7
589 4288 714 4344 Joh.
751 4292 832 4357 15,
866 4290 934 4345 26
967 4318 1036 4329 —
1082 4290 1158 4345 12
1196 4288 1320 4344 Joh.
1359 4290 1440 4354 16,
1477 4292 1507 4343 ’7
1551 4318 1618 4329 -
1661 4288 1742 4345 22
1778 4287 1905 4344 Joh.
1940 4292 1989 4355 5,
2028 4290 2095 4345 19
2146 4317 2213 4327 —
2268 4286 2346 4343 28
2400 4285 2524 4341 Joh.
2560 4287 2607 4352 5,
2643 4285 2712 4341 30
2762 4314 2829 4325 -
2883 4286 2963 4341 29

347 4386 468 4441 Joh.
510 4389 590 4455 16,
628 4391 692 4443 13
728 4418 796 4428 -
829 4390 908 4447 88
943 4390 1068 4446 Joh.
1104 4392 1186 4457 20,
1223 4392 1252 4444 7
1292 4418 1356 4431 —
1393 4389 1470 4446 85
1509 4390 1645 4447 Luk.
1681 4392 1762 4457 24,
1797 4390 1881 4446 36.
1942 4389 2063 4445 Joh.
2100 4390 2181 4457 20,
2220 4390 2285 4445 19

515 4590 594 4645 1⁰
647 4587 750 4645 τὸν
786 4593 880 4645 str.
925 4591 1000 4645 Kl
1063 4594 1072 4660 Ι
1139 4591 1216 4648 18
1253 4589 1478 4648 ἐπέλθω
1515 4592 1620 4655 V*,
1658 4608 1791 4646 corr.
1830 4592 1907 4645 V²
1969 4592 1979 4660 Ι
2045 4590 2123 4646 25
2159 4590 2257 4645 καὶ
2290 4580 2361 4642 δι’
2395 4583 2571 4641 αι’·τοΰ
2607 4581 2640 4640 5
2684 4582 2805 4652 υἱὸς
2840 4588 2956 4655 (καὶ

355 4690 536 4763 σωτήρ
570 4691 710 4758 κτλ.)
745 4691 856 4756 Me,
893 4690 925 4747 ὁ
962 4688 1082 4758 υἱὸς
1115 4694 1214 4747 καὶ
1249 4687 1316 4747 δι’
1353 4689 1492 4749 αὐτὸ
1529 4692 1797 4761 <τοῢτο>ῗ
1833 4692 1998 4747 Loofn

467 4775 706 4820 Eusebius
734 4776 812 4823 IV.
2470 4774 2532 4825 11
