3694 5582
1317 517 1386 571 de
1421 518 1792 572 ecelesiastica
1823 514 2109 584 bheologia
2140 515 2165 567 Ι
2201 515 2285 571 20.
3028 521 3105 583 87

485 676 574 772 ἦν
619 689 814 772 ζωῆς.
899 677 1004 753 διὸ
1058 690 1068 766 Ι
1125 687 1436 753 λέλεκταί
1493 707 1633 751 που
1697 678 1948 766 »ἄρτον
2014 673 2318 768 άγγέλων
2371 681 2621 766 ἔφαγεν
2674 676 3110 766 ἄνθρωποςι.
3143 687 3227 744 90

484 788 598 854 καὶ
641 790 806 870 πρὶν
849 777 1276 853 ἀπεστάλθαι
1319 778 1448 868 ἄρα
1491 775 1628 850 ὑπὸ
1673 785 1798 851 τοῦ
1842 776 2104 868 πατρὸς
2146 782 2221 850 ἐν
2249 775 2523 868 ουρανῷ
2568 771 2655 866 ἦν
2698 784 2808 850 καὶ
2851 780 2967 866 ε’ζη
2999 775 3108 848 διὰ

488 882 614 953 τὸν
659 886 937 967 πατέρα,
985 877 1104 968 οὐχ
1149 877 1245 963 ῶς
1290 876 1490 968 λόγος
1537 876 1942 968 σημαντικός
1988 874 2137 950 οὐδ’
2187 874 2283 960 ῶς
2322 881 2397 948 ἓν
2438 883 2549 948 καὶ
2594 873 2855 948 ταύτὸν
2898 873 3108 964 ὑπάρ-
3143 889 3213 945 36

485 1009 628 1069 χῶν
687 986 794 1070 τῷ
853 986 1030 1068 θεῷ.
1091 975 1239 1051 ἀλλ’
1302 975 1398 1061 ῶς
1449 975 1764 1065 ὑφεστὼς
1806 985 1920 1048 καὶ
1966 977 2153 1068 ζωὴν
2192 985 2371 1049 ἰδίαν
2418 982 2619 1069 ἔχων,
2666 975 2752 1066 ἣν
2796 972 2833 1047 6
2877 976 3107 1066 πατὴρ

419 1097 452 1148 5
485 1076 680 1170 αὐτῷ
725 1084 1036 1151 δέδωκεν.
1079 1085 1228 1162 ικαὶ
1274 1079 1546 1164 προϊών
1596 1084 1668 1149 δὲ
1730 1081 1881 1167 ἑξῆς
1944 1076 2026 1148 τὸ
2088 1075 2418 1166 ὑπερέχον
2478 1083 2601 1166 τῆς
2662 1082 2787 1148 τοῦ
2847 1075 3109 1166 πατρὸς
3145 1091 3213 1144 37

488 1151 690 1270 δόξης
731 1177 1064 1268 παριστὰς
1109 1182 1340 1266 ἔλεγεν
1387 1179 1660 1260 »καθώς
1714 1182 2014 1264 ἐδίδαξέν
2064 1205 2142 1266 με
2208 1174 2245 1249 6
2308 1175 2561 1267 πατήρ,
2625 1183 2841 1250 ταῦτα
2902 1184 3110 1248 λαλῶ.

487 1286 601 1351 καὶ
647 1274 684 1352 6
727 1284 998 1368 πέμψας
1039 1307 1115 1367 με
1162 1274 1304 1368 μετ’
1351 1282 1514 1366 ἐμοῦ
1565 1282 1774 1349 ἐστιν·
1849 1307 1973 1350 ουκ
2035 1273 2299 1368 ἀφῆκέν
2358 1305 2437 1367 με
2498 1273 2743 1366 μόνον,
2806 1270 2915 1347 ὅτι
2974 1275 3109 1364 ἐγώ

489 1379 574 1450 τὰ
625 1375 876 1468 ἀρεστὰ
929 1373 1122 1467 αὑτῷ
1169 1383 1356 1449 ποιῶ
1399 1375 1764 1449 πάντοτει.
1852 1375 2040 1466 τήρει
2100 1383 2172 1449 δὲ
2217 1375 2535 1466 ἀκριβῶς,
2600 1371 2793 1460 ὅπως
2855 1381 3110 1465 ειρηται

493 1477 892 1550 »πάντοτε«.
978 1474 1060 1549 οὗ
1107 1477 1232 1566 γὰρ
1277 1483 1421 1561 νῦν,
1481 1484 1718 1566 φησίν,
1783 1469 1903 1547 ὅτε
1946 1480 2057 1546 ἐπὶ
2098 1483 2219 1566 γῆς
2264 1472 2666 1566 ἀνθρώποις
2710 1475 2819 1548 δια
2861 1473 3111 1564 σαρκὸς
3146 1491 3217 1547 38

383 1595 454 1649 10
487 1574 740 1668 όμιλῶ,
802 1578 888 1648 τὰ
933 1573 1180 1666 άρεστὰ
1235 1584 1337 1667 τῷ
1381 1583 1590 1666 πατρὶ
1636 1573 2166 1666 διαπράττομαι,
2216 1571 2392 1648 ἀλλὰ
2435 1583 2549 1646 καὶ
2591 1572 2912 1648 πάντοτε.
2998 1581 3112 1644 καὶ

491 1683 712 1749 ταῦτα
769 1684 842 1749 δὲ
903 1688 1134 1750 λαλεῖν
1197 1675 1636 1764 μαρτύρεται,
1701 1669 1871 1764 άπερ
1934 1673 2032 1759 ῶς
2074 1676 2260 1765 παρὰ
2304 1673 2713 1748 διδασκάλου
2751 1672 2937 1765 παρὰ
2982 1681 3110 1747 τοῦ

361 1863 372 1870 ⁶
487 1777 750 1864 πατρὸς
793 1775 1210 1867 μεμάθηκεν·
1257 1773 1509 1848 οὐκοῦν
1549 1781 1660 1846 καὶ
1706 1772 2117 1848 διδάσκαλον
2160 1772 2609 1864 ἐπιγράφεται
2653 1774 2782 1847 τὸν
2823 1782 3107 1863 πατέρα,

491 1869 796 1966 ἕτερος’
769 1870 872 1949 ὠν
914 1874 1171 1966 δηλαδὴ
1214 1871 1374 1964 παρ’
1421 1871 1656 1959 αυτόν,
1699 1879 1849 1996 «ε’-ἷζε,
1876 1883 2013 1958 πᾶς
2059 1869 2096 1947 ὅ
2139 1903 2246 1964 τῳ
2277 1870 2834 1964 μαθητευόμενος
2881 1875 3111 1964 ἕτερος

491 1975 805 2066 τυγχάνει
849 1981 974 2047 τοῦ
1019 1972 1476 2056 διδάσκοντος.
1563 1979 1622 2044 εἰ
1666 1969 1731 2046 δ’
1777 1979 1853 2045 ἐν
1908 1982 2011 2063 τῷ
2056 1981 2203 2063 θεῷ
2248 1966 2333 2064 ἦν
2378 1969 2417 2044 6
2462 1971 2695 2064 λόγος,
2743 1971 2824 2044 δι’
2873 1969 2955 2046 όν
2998 1981 3110 2044 καὶ
3146 1987 3217 2042 39

385 2094 454 2146 15
491 2075 764 2165 λογικὸς
815 2103 902 2146 αν
955 2076 1226 2164 ῥηθείη,
1289 2081 1438 2146 τῶν
1491 2081 1620 2146 τοῦ
1661 2072 1924 2162 πατρὸς
1968 2071 2345 2163 νοημάτων
2388 2069 2797 2163 σημαντικός
2840 2103 2943 2154 τις
2988 2070 3109 2151 ὤν,

489 2183 644 2258 πῶς
689 2203 774 2246 αν
817 2171 1025 2258 αυτὸς
1069 2177 1316 2247 ἑαυτοῦ
1359 2179 1628 2262 γένοιτο
1660 2172 2097 2257 διδάσκαλος;
2140 2181 2292 2257 πῶς
2331 2169 2397 2243 δ’
2428 2169 2807 2261 άχῶριστος
2850 2165 2954 2244 ὢν
2984 2179 3113 2244 τοῦ

487 2282 678 2359 θεοῦ,
741 2275 988 2346 ἑαυτὸν
1051 2277 1275 2364 ε’λεγεν
1337 2270 1796 2357 άπεστάλθαι;
1862 2281 2015 2355 πῶς
2076 2277 2147 2342 δὲ
2209 2275 2282 2343 ἓν
2323 2277 2433 2341 καὶ
2481 2268 2739 2342 ταύτὸν
2782 2268 3114 2362 ὑπάρχων

493 2382 596 2465 τῷ
640 2380 788 2464 θεῷ
832 2373 919 2444 τὰ
965 2369 1213 2462 ἀρεστὰ
1255 2371 1588 2460 πράττειν
1633 2369 1826 2462 αυτῷ
1872 2369 2389 2461 διεμαρτύρετο;
2441 2378 2498 2443 εἰ
2551 2376 2623 2442 δὲ
2672 2372 2848 2458 πρὸς
2892 2379 3113 2443 ταῦτα

491 2482 676 2563 λέγοι
720 2470 1121 2563 Μάρκελλος
1164 2477 1238 2544 ἐν
1285 2481 1370 2562 τῇ
1414 2479 1606 2562 σαρκὶ
1651 2465 1822 2543 ὄντα
1868 2469 1995 2542 τὸν
2053 2467 2265 2558 λόγον
2308 2469 2564 2553 ταύτας
2610 2475 2943 2560 εἰρηκέναι
2988 2470 3111 2552 τὰς

383 2591 456 2646 20
493 2571 760 2661 φωνάς,
824 2580 936 2645 καὶ
997 2581 1066 2644 τί
1125 2578 1338 2643 τοῦτο
1401 2570 1707 2661 φήσομεν
1765 2569 1943 2657 πρὸς
2004 2569 2087 2642 τὸ
2148 2570 2237 2660 μὴ
2293 2566 2654 2661 ὁμολογεῖν
2698 2569 2850 2663 υζὸν
2894 2566 3109 2641 αὑτὸν

489 2675 681 2772 εἶναι,
726 2669 900 2744 άλλὰ
942 2669 1152 2760 λόγον
1185 2669 1436 2770 μόνον;
1490 2679 1644 2754 πῶς
1699 2667 1766 2743 δ’
1811 2673 1888 2741 ἐν
1932 2677 2016 2759 τῇ
2061 2677 2253 2758 σαρκὶ
2299 2662 2403 2759 ἦν,
2451 2700 2569 2743 οτε
2613 2667 2804 2742 ταῦτ’
2850 2671 3110 2759 ἔλεγεν;
3142 2681 3217 2738 40

491 2769 620 2861 ἆρά
659 2802 732 2863 γε
776 2779 916 2862 ζῶν
957 2779 1070 2844 καὶ
1114 2766 1429 2860 ὑφεστῶς
1473 2777 1582 2844 καὶ
1627 2777 1754 2844 τοῦ
1797 2769 2062 2859 πατρὸς
2104 2767 2435 2861 ὑπάρχων
2465 2768 2693 2857 ἐκτός;
2734 2778 2845 2841 καὶ
2890 2777 2994 2853 τίς
3024 2771 3110 2859 ἠν

493 2868 532 2945 6
593 2872 820 2962 πατὴρ
881 2868 1072 2957 τότε,
1135 2871 1224 2961 μὴ
1286 2870 1414 2944 τὸν
1480 2878 1732 2945 οἰκεῖον
1789 2878 2199 2961 κεκτημένος
2266 2876 2339 2943 ἐν
2402 2869 2593 2963 αὑτῷ
2656 2868 2891 2959 λόγον,
2964 2864 3113 2943 ἀλλ’

491 2968 810 3059 ὑφεστὼς
853 2971 1018 3043 ἄνευ
1058 2968 1298 3062 λόγου,·
1340 2976 1636 3046 ἐνοικῶν
1680 2968 1745 3042 δ’
1791 2974 1867 3040 ἐν
1910 2978 1996 3059 τῇ
2040 2978 2231 3059 σαρκὶ
2276 2966 2315 3042 6
2360 2969 2591 3060 λόγος,
2657 2965 2761 3042 οτ’
2822 2976 2933 3042 ἐπὶ
2995 2976 3115 3060 γῆς

384 3088 458 3143 25
493 3076 791 3143 ἐποιεῖτο
855 3069 978 3153 τὰς
1041 3069 1404 3161 διατριβάς,
1467 3077 1525 3143 εἰ
1584 3078 1706 3158 μὲν
1751 3076 1879 3141 τοῦ
1928 3071 2191 3158 πατρὸς
2246 3071 2444 3155 ἐκτὸς
2487 3064 2601 3160 ἦν,
2666 3078 2805 3158 ζῶν
2848 3078 2960 3142 καὶ
3004 3078 3115 3145 581

490 3168 810 3258 ὑφεστὼς
851 3178 964 3242 καὶ
1007 3170 1138 3260 τὴν
1181 3170 1392 3258 σάρκα
1434 3179 1652 3243 κινῶν
1693 3176 1914 3260 ψυχῆς
1959 3176 2167 3259 δίκην,
2216 3170 2443 3259 ἕτερος
2486 3170 2741 3261 δηλαδὴ
2770 3170 2953 3260 παρὰ
2986 3170 3113 3244 τὸν

491 3276 782 3359 πατέρα,
842 3278 954 3341 καὶ
1008 3269 1129 3341 δύο
1181 3268 1392 3343 πάλιν
1433 3267 1838 3353 ὑποστάσεις
1880 3267 2090 3353 αὑτός
2144 3298 2219 3340 τε
2261 3277 2371 3341 καὶ
2416 3264 2455 3341 6
2509 3269 2739 3360 πατὴρ
2782 3266 3111 3360 ὑπῆρχον,

488 3368 774 3460 μάταιός
845 3400 922 3442 τε
991 3376 1126 3454 πᾶς
1186 3366 1224 3441 6
1286 3376 1694 3455 Μαρκέλλου
1764 3370 2173 3460 πεφώραται
2245 3368 2461 3452 πόνος
2534 3366 2828 3458 οὖσιῶδη
2902 3368 3111 3459 λόγον
3144 3378 3212 3431 41

493 3480 726 3557 ζῶντα
769 3478 880 3541 καὶ
935 3466 1302 3556 ὑφεστῶτα
1364 3468 1493 3542 τὸν
1535 3475 1612 3543 ἐν
1655 3477 1740 3559 τῇ
1787 3476 1981 3557 σαρκὶ
2029 3466 2398 3558 γενόμενον
2443 3464 2855 3559 ὁριζομένου.
2942 3476 2999 3540 εἰ
3044 3466 3114 3541 ‹5’
3198 3464 3255 3521 ’ί
3288 3479 3339 3508 ⁴¹·
3356 3470 3477 3565 ΨΑ
3548 3480 3572 3507 ·“

381 3589 483 3644 30-
488 3568 688 3653 ἐκτὸς
731 3566 1028 3675 ὑπῆρχεν
1083 3576 1206 3640 τοῦ
1247 3576 1421 3641 θεοῦ
1463 3564 1502 3641 6
1557 3574 1632 3640 ὲν
1684 3574 1788 3658 τῷ
1850 3568 2115 3658 σῶματι
2174 3576 2523 3641 κατοικῶν
2585 3565 2813 3656 λόγος,
2873 3564 3111 3657 ἥνωτο
3152 3562 3229 3599 ⁹⁸
3236 3558 3319 3589 ⁴⁴⁴⁴*
3372 3549 3390 3587 ⁴
3514 3555 3624 3585 μ’

3244 3612 3561 3667 t-ae'„<⁴‘·

490 3676 562 3741 δὲ
605 3676 716 3741 καὶ
761 3693 1070 3757 συνηπτο
1116 3674 1222 3758 τῷ
1264 3676 1412 3759 θεῷ
1459 3666 1555 3753 ῶς
1591 3672 1661 3741 ἕν
1705 3696 1779 3739 τε
1823 3676 1937 3739 καὶ
1982 3664 2241 3740 ταὺτόν
2286 3669 2456 3739 εἶναι
2501 3664 2733 3759 αυτῷ,
2752 3674 2760 3755 Ι
2800 3674 2869 3755 ἐξ
2912 3664 3115 3793 οἷνάγ-1
3150 3678 3265 3737 91.-
3466 3682 3489 3714 c

489 3798 632 3889 κης.ν
674 3767 875 3839 δῶσει
935 3764 978 3857 ἢ
1033 3764 1248 3841 αυτὸν
1290 3771 1462 3839 εἶναι
1505 3768 1634 3839 τὸν
1677 3773 1940 3857 πατέρα
1984 3773 2059 3839 ἐν
2100 3776 2185 3857 τῇ
2232 3764 2454 3855 σαρκί,
2500 3762 2543 3855 ἢ
2590 3766 2717 3840 τὸν
2759 3766 2911 3840 υἱὸν
2954 3766 3140 3856 ὑφε-·
3188 3762 3351 3860 ‘⁴..‘⁴‘.
3414 3832 3435 3856 f
3463 3816 3499 3852 „-
3544 3777 3587 3849 ’,
3637 3857 3645 3864 ⁰

490 3876 730 3941 στῶτα
773 3863 929 3939 καθ’
978 3866 1226 3940 ἑαυτὸν
1267 3877 1380 3939 καὶ
1424 3872 1833 3957 ἐνεργοῦντα
1878 3872 1955 3938 ἐν
1991 3872 2099 3956 τῷ
2147 3868 2438 3957 σῶματι,
2484 3864 2527 3957 ἢ
2572 3865 2795 3957 ψυχὴν
2840 3855 3165 3956 ανθρῶ-
3183 3958 3193 3983 τ
3222 3863 3325 3927 ·--ἷ
3368 3898 3504 3937 mm
3558 3904 3599 3918 ·‹
3640 3886 3668 3923 ι

487 3997 644 4052 που,
709 3996 749 4056 η
817 3970 873 4039 εἰ
933 3972 1142 4055 μηδὲν
1185 3967 1488 4053 τούτων,
1554 3965 1945 4088 αυτόματον
2006 3978 2343 4039 κινεῖσθαι
2387 3966 2517 4057 τὴν
2560 3964 2799 4055 σάρκα
2847 3967 3111 4057 αψυχον
3299 3954 3345 3989 ς..
3372 3960 3383 3967 -
3412 3952 3479 3981 Q.

381 4088 452 4141 35
491 4060 704 4141 οὖσαν
769 4075 880 4137 καὶ
935 4066 1204 4155 αλογον.
1291 4072 1349 4137 εἰ
1404 4073 1528 4157 μὲν
1590 4058 1714 4139 οὖν
1777 4066 1903 4138 τὸν
1963 4072 2221 4156 πατέρα
2284 4074 2494 4156 λέγοι,
2555 4068 2743 4138 ἔσται
2796 4062 2835 4138 6
2886 4066 3111 4157 πατὴρ
3144 4081 3221 4137 42.

493 4164 684 4257 αὐτῷ
731 4160 769 4238 6
818 4174 1169 4257 γεννηθεὶς
1223 4174 1336 4237 καὶ
1396 4166 1654 4238 παθῶν
1716 4173 1828 4237 καὶ
1882 4174 2022 4239 πᾶν
2084 4170 2284 4257 ἔργον
2339 4164 2905 4256 άνθρωποπαθὲς
2946 4164 3111 4239 ὑπο-

661 4339 693 4394 1
733 4337 820 4390 ps.
859 4338 940 4403 77,
978 4338 1044 4393 25
1090 4368 1156 4376 —
1202 4338 1239 4392 a
1275 4336 1386 4407 νει.
1422 4336 1514 4390 Nr.
1553 4340 1634 4392 55.
1670 4338 1737 4392 62
1789 4365 1857 4375 -
1910 4339 1949 4393 a
1983 4338 2105 4393 Joh.
2141 4338 2189 4403 8,
2226 4339 2307 4393 28.
2345 4339 2411 4391 29
2466 4368 2529 4375 -
2586 4336 2657 4391 17
2699 4335 2821 4391 Joh.
2858 4338 2907 4404 6,
2943 4339 3009 4393 57
3045 4367 3112 4377 -

487 4440 601 4510 νει.
639 4438 732 4493 Nr.
769 4439 836 4494 62
872 4467 939 4478 —
979 4438 1056 4495 18
1090 4437 1213 4493 Joh.
1251 4440 1300 4505 8,
1336 4440 1402 4494 29
1439 4468 1502 4478 --
1543 4439 1614 4494 ει
1656 4438 1768 4509 vgl.
1805 4438 1897 4493 Νι.
1936 4441 2002 4493 62
2986 4424 2993 4431 “

661 4591 738 4646 12
778 4586 882 4645 οὐκ
918 4582 1018 4645 οὖν
1055 4608 1151 4659 mg
1195 4590 1204 4656 1
1257 4590 1332 4645 18
1370 4584 1484 4661 ὅτῳ
1521 4590 1587 4656 V,
1625 4606 1760 4645 oon·-
1797 4588 1905 4645 We
1951 4591 1959 4658 Ι
2011 4590 2087 4645 23
2125 4586 2275 4660 αὐτῷ
2314 4590 2362 4643 V
2410 4592 2417 4655 1
2470 4590 2546 4645 26
2580 4589 2803 4658 δηλαδὴ]
2842 4596 2905 4652 -1-
2944 4584 3051 4657 ἢνῗ
3100 4611 3107 4646 :

488 4692 612 4748 8⁰1
643 4688 923 4759 ἥνωται..
945 4732 956 4744 .
978 4685 1038 4746 ἓν
1065 4692 1163 4745 καὶ
1191 4687 1399 4746 ταύτὸν
1434 4684 1584 4747 εἶναί
1614 4709 1675 4747 τε
1697 4692 1762 4757 V,
1815 4708 1953 4746 oorr.
1974 4690 2079 4746 We
2126 4693 2133 4759 Ι
2182 4692 2263 4747 34
2298 4689 2331 4759 ἢ
2368 4687 2423 4745 εἰ
2454 4690 2633 4760 Heyse
2670 4686 2723 4745 εἰ
2756 4687 2811 4745 εἰ
2844 4689 2923 4743 V*
2962 4686 3016 4745 εἰ
3036 4687 3113 4741 V²
