<?xml version="1.0" encoding="UTF-8"?>
<!DOCTYPE html PUBLIC "-//W3C//DTD XHTML 1.0 Transitional//EN"
    "http://www.w3.org/TR/xhtml1/DTD/xhtml1-transitional.dtd">
<html xmlns="http://www.w3.org/1999/xhtml" xml:lang="en" lang="en">
 <head>
  <title>
</title>
<meta http-equiv="Content-Type" content="text/html;charset=utf-8" />
  <meta name='ocr-system' content='tesseract 3.04.00' />
  <meta name='ocr-capabilities' content='ocr_page ocr_carea ocr_par ocr_line ocrx_word'/>
</head>
<body>
  <div class='ocr_page' id='page_1' title='image "./werkevolume00eusegoog/werkevolume00eusegoog_0070.png"; bbox 0 0 3694 5582; ppageno 0'>
   <div class='ocr_carea' id='block_1_1' title="bbox 1319 507 2979 578">
    <p class='ocr_par' dir='ltr' id='par_1_1' title="bbox 1319 507 2979 578">
     <span class='ocr_line' id='line_1_1' title="bbox 1319 507 2979 578; baseline 0.001 -16"><span class='ocrx_word' id='word_1_1' title='bbox 1319 510 1510 563; x_wconf 75' lang='lat' dir='ltr'><strong>contra</strong></span> <span class='ocrx_word' id='word_1_2' title='bbox 1542 507 1867 563; x_wconf 72' lang='lat' dir='ltr'><strong>Marcellum</strong></span> <span class='ocrx_word' id='word_1_3' title='bbox 1903 509 1954 562; x_wconf 88' lang='lat'><strong><em>11</em></strong></span> <span class='ocrx_word' id='word_1_4' title='bbox 1990 512 2037 563; x_wconf 91' lang='lat'><strong><em>1.</em></strong></span> <span class='ocrx_word' id='word_1_5' title='bbox 2902 515 2979 578; x_wconf 82' lang='grc'><strong><em>33</em></strong></span> 
     </span>
    </p>
   </div>
   <div class='ocr_carea' id='block_1_2' title="bbox 245 669 3081 4152">
    <p class='ocr_par' dir='ltr' id='par_1_2' title="bbox 363 669 3081 1062">
     <span class='ocr_line' id='line_1_2' title="bbox 367 669 2981 764; baseline 0 -19"><span class='ocrx_word' id='word_1_6' title='bbox 367 669 646 764; x_wconf 81' lang='grc' dir='ltr'><strong><em>εἰρήνης,</em></strong></span> <span class='ocrx_word' id='word_1_7' title='bbox 691 671 919 762; x_wconf 87' lang='grc' dir='ltr'><strong><em>πατὴρ</em></strong></span> <span class='ocrx_word' id='word_1_8' title='bbox 962 679 1091 744; x_wconf 86' lang='grc' dir='ltr'><strong><em>τοῦ</em></strong></span> <span class='ocrx_word' id='word_1_9' title='bbox 1131 678 1510 761; x_wconf 88' lang='grc' dir='ltr'><strong><em>μέλλοντος</em></strong></span> <span class='ocrx_word' id='word_1_10' title='bbox 1552 677 1820 756; x_wconf 79' lang='grc' dir='ltr'><strong><em>αἰῶνος.</em></strong></span> <span class='ocrx_word' id='word_1_11' title='bbox 1910 671 2053 756; x_wconf 79' lang='grc' dir='ltr'><strong><em>ἄξω</em></strong></span> <span class='ocrx_word' id='word_1_12' title='bbox 2099 669 2225 760; x_wconf 83' lang='grc' dir='ltr'><strong><em>γὰρ</em></strong></span> <span class='ocrx_word' id='word_1_13' title='bbox 2270 669 2543 761; x_wconf 80' lang='grc' dir='ltr'><em>εἰρήνην</em></span> <span class='ocrx_word' id='word_1_14' title='bbox 2570 677 2683 742; x_wconf 81' lang='grc' dir='ltr'><strong><em>καὶ</em></strong></span> <span class='ocrx_word' id='word_1_15' title='bbox 2721 669 2981 761; x_wconf 83' lang='grc' dir='ltr'><strong><em>ὖγίειαν</em></strong></span> 
     </span>
     <span class='ocr_line' id='line_1_3' title="bbox 365 767 3081 864; baseline -0.001 -18"><span class='ocrx_word' id='word_1_16' title='bbox 365 770 570 863; x_wconf 81' lang='grc' dir='ltr'><strong><em>αύτῷ.</em></strong></span> <span class='ocrx_word' id='word_1_17' title='bbox 649 770 900 863; x_wconf 79' lang='grc' dir='ltr'><em>μεγάλη</em></span> <span class='ocrx_word' id='word_1_18' title='bbox 943 771 984 862; x_wconf 83' lang='grc' dir='ltr'><strong><em>ἡ</em></strong></span> <span class='ocrx_word' id='word_1_19' title='bbox 1031 769 1198 862; x_wconf 85' lang='grc' dir='ltr'><strong><em>ἀρχὴ</em></strong></span> <span class='ocrx_word' id='word_1_20' title='bbox 1243 767 1474 856; x_wconf 85' lang='grc' dir='ltr'><strong><em>αύτοῦ,</em></strong></span> <span class='ocrx_word' id='word_1_21' title='bbox 1517 778 1631 842; x_wconf 79' lang='grc' dir='ltr'><strong><em>καὶ</em></strong></span> <span class='ocrx_word' id='word_1_22' title='bbox 1675 777 1798 861; x_wconf 86' lang='grc' dir='ltr'><strong><em>τῆς</em></strong></span> <span class='ocrx_word' id='word_1_23' title='bbox 1841 770 2113 864; x_wconf 75' lang='grc' dir='ltr'><strong><em>εἰρήνης</em></strong></span> <span class='ocrx_word' id='word_1_24' title='bbox 2154 769 2367 844; x_wconf 84' lang='grc' dir='ltr'><strong><em>αύτοῦ</em></strong></span> <span class='ocrx_word' id='word_1_25' title='bbox 2396 767 2520 844; x_wconf 86' lang='grc' dir='ltr'><strong><em>ούκ</em></strong></span> <span class='ocrx_word' id='word_1_26' title='bbox 2546 773 2732 854; x_wconf 76' lang='grc' dir='ltr'><strong><em>ἔσται</em></strong></span> <span class='ocrx_word' id='word_1_27' title='bbox 2762 778 2977 858; x_wconf 80' lang='grc' dir='ltr'><strong><em>τέλος,</em></strong></span> <span class='ocrx_word' id='word_1_28' title='bbox 3047 788 3081 844; x_wconf 84' lang='grc'><strong>7</strong></span> 
     </span>
     <span class='ocr_line' id='line_1_4' title="bbox 363 868 2981 964; baseline -0 -20"><span class='ocrx_word' id='word_1_29' title='bbox 363 877 468 944; x_wconf 81' lang='grc' dir='ltr'><strong><em>ἐπὶ</em></strong></span> <span class='ocrx_word' id='word_1_30' title='bbox 513 873 640 945; x_wconf 87' lang='grc' dir='ltr'><strong><em>τὸν</em></strong></span> <span class='ocrx_word' id='word_1_31' title='bbox 681 870 944 964; x_wconf 89' lang='grc' dir='ltr'><strong><em>θρόνον</em></strong></span> <span class='ocrx_word' id='word_1_32' title='bbox 988 878 1193 943; x_wconf 83' lang='grc' dir='ltr'><strong><em>Δαυὶδ</em></strong></span> <span class='ocrx_word' id='word_1_33' title='bbox 1230 878 1340 943; x_wconf 87' lang='grc' dir='ltr'><strong><em>καὶ</em></strong></span> <span class='ocrx_word' id='word_1_34' title='bbox 1383 875 1494 944; x_wconf 78' lang='grc' dir='ltr'><strong><em>ἐπὶ</em></strong></span> <span class='ocrx_word' id='word_1_35' title='bbox 1537 870 1670 960; x_wconf 85' lang='grc' dir='ltr'><strong><em>τὴν</em></strong></span> <span class='ocrx_word' id='word_1_36' title='bbox 1709 877 2053 954; x_wconf 87' lang='grc' dir='ltr'><strong><em>βασιλείαν</em></strong></span> <span class='ocrx_word' id='word_1_37' title='bbox 2098 868 2330 955; x_wconf 84' lang='grc' dir='ltr'><strong><em>αύτοῦ,</em></strong></span> <span class='ocrx_word' id='word_1_38' title='bbox 2378 877 2504 942; x_wconf 87' lang='grc' dir='ltr'><strong><em>τοῦ</em></strong></span> <span class='ocrx_word' id='word_1_39' title='bbox 2538 879 2981 959; x_wconf 82' lang='grc' dir='ltr'><strong><em>κατορθῶσαι</em></strong></span> 
     </span>
     <span class='ocr_line' id='line_1_5' title="bbox 366 967 2981 1062; baseline 0 -18"><span class='ocrx_word' id='word_1_40' title='bbox 366 969 576 1062; x_wconf 85' lang='grc' dir='ltr'><strong><em>αύτῆν</em></strong></span> <span class='ocrx_word' id='word_1_41' title='bbox 617 979 730 1043; x_wconf 86' lang='grc' dir='ltr'><strong><em>καὶ</em></strong></span> <span class='ocrx_word' id='word_1_42' title='bbox 771 969 1252 1060; x_wconf 75' lang='grc' dir='ltr'><strong><em>ἀντιλαβέσθαι</em></strong></span> <span class='ocrx_word' id='word_1_43' title='bbox 1295 975 1370 1042; x_wconf 93' lang='grc' dir='ltr'><strong><em>ἐν</em></strong></span> <span class='ocrx_word' id='word_1_44' title='bbox 1409 979 1684 1060; x_wconf 88' lang='grc' dir='ltr'><strong><em>κρίματι</em></strong></span> <span class='ocrx_word' id='word_1_45' title='bbox 1724 979 1836 1043; x_wconf 78' lang='grc' dir='ltr'><strong><em>καὶ</em></strong></span> <span class='ocrx_word' id='word_1_46' title='bbox 1882 975 1955 1044; x_wconf 83' lang='grc' dir='ltr'><strong><em>ἐν</em></strong></span> <span class='ocrx_word' id='word_1_47' title='bbox 2008 970 2428 1058; x_wconf 79' lang='grc' dir='ltr'><strong><em>δικαιοσύνῃ,</em></strong></span> <span class='ocrx_word' id='word_1_48' title='bbox 2490 967 2627 1043; x_wconf 87' lang='grc' dir='ltr'><strong><em>ἀπὸ</em></strong></span> <span class='ocrx_word' id='word_1_49' title='bbox 2682 979 2809 1044; x_wconf 87' lang='grc' dir='ltr'><strong><em>τοῦ</em></strong></span> <span class='ocrx_word' id='word_1_50' title='bbox 2852 979 2981 1045; x_wconf 91' lang='grc' dir='ltr'><strong><em>νῦν</em></strong></span> 
     </span>
    </p>

    <p class='ocr_par' dir='ltr' id='par_1_3' title="bbox 297 1062 3080 1560">
     <span class='ocr_line' id='line_1_6' title="bbox 297 1062 3080 1196; baseline 0.003 -56"><span class='ocrx_word' id='word_1_51' title='bbox 297 1087 330 1140; x_wconf 82' lang='lat'>5</span> <span class='ocrx_word' id='word_1_52' title='bbox 359 1078 464 1143; x_wconf 84' lang='grc' dir='ltr'><strong><em>καὶ</em></strong></span> <span class='ocrx_word' id='word_1_53' title='bbox 511 1079 603 1155; x_wconf 88' lang='grc' dir='ltr'><strong><em>εἰς</em></strong></span> <span class='ocrx_word' id='word_1_54' title='bbox 647 1072 810 1154; x_wconf 81' lang='grc' dir='ltr'><strong><em>τούς</em></strong></span> <span class='ocrx_word' id='word_1_55' title='bbox 853 1077 1163 1152; x_wconf 68' lang='grc' dir='ltr'><strong><em>αἰῶναςι.</em></strong></span> <span class='ocrx_word' id='word_1_56' title='bbox 1237 1070 1512 1154; x_wconf 83' lang='grc' dir='ltr'><strong><em>τούτοις</em></strong></span> <span class='ocrx_word' id='word_1_57' title='bbox 1553 1077 1721 1160; x_wconf 86' lang='grc' dir='ltr'><strong><em>γοῦν</em></strong></span> <span class='ocrx_word' id='word_1_58' title='bbox 1757 1069 2092 1161; x_wconf 86' lang='grc' dir='ltr'><strong><em>σύμφωνα</em></strong></span> <span class='ocrx_word' id='word_1_59' title='bbox 2134 1063 2221 1160; x_wconf 85' lang='grc' dir='ltr'><strong><em>ἦν</em></strong></span> <span class='ocrx_word' id='word_1_60' title='bbox 2262 1079 2373 1141; x_wconf 87' lang='grc' dir='ltr'><strong><em>καὶ</em></strong></span> <span class='ocrx_word' id='word_1_61' title='bbox 2404 1062 2573 1162; x_wconf 72' lang='grc' dir='ltr'><strong><em>άπερ</em></strong></span> <span class='ocrx_word' id='word_1_62' title='bbox 2604 1067 2644 1144; x_wconf 92' lang='lat'><strong><em>6</em></strong></span> <span class='ocrx_word' id='word_1_63' title='bbox 2682 1075 2976 1196; x_wconf 77' lang='grc' dir='ltr'><strong><em>Γαβριήλ</em></strong></span> <span class='ocrx_word' id='word_1_64' title='bbox 3044 1091 3080 1147; x_wconf 89' lang='grc'>8</span> 
     </span>
     <span class='ocr_line' id='line_1_7' title="bbox 361 1167 2976 1261; baseline 0.001 -20"><span class='ocrx_word' id='word_1_65' title='bbox 361 1171 488 1261; x_wconf 86' lang='grc' dir='ltr'><strong><em>τὴν</em></strong></span> <span class='ocrx_word' id='word_1_66' title='bbox 529 1177 885 1258; x_wconf 81' lang='grc' dir='ltr'><strong><em>παρθένον</em></strong></span> <span class='ocrx_word' id='word_1_67' title='bbox 927 1167 1407 1260; x_wconf 75' lang='grc' dir='ltr'><em>εὐηγγελίζετο,</em></span> <span class='ocrx_word' id='word_1_68' title='bbox 1475 1177 1603 1253; x_wconf 76' lang='grc' dir='ltr'><strong><em>»εἰς</em></strong></span> <span class='ocrx_word' id='word_1_69' title='bbox 1663 1171 1826 1253; x_wconf 81' lang='grc' dir='ltr'><strong><em>τοὺς</em></strong></span> <span class='ocrx_word' id='word_1_70' title='bbox 1889 1176 2179 1252; x_wconf 76' lang='grc' dir='ltr'><strong><em>αἰῶνας«</em></strong></span> <span class='ocrx_word' id='word_1_71' title='bbox 2235 1175 2349 1244; x_wconf 69' lang='lat'><strong><em>4⁰*</em></strong></span> <span class='ocrx_word' id='word_1_72' title='bbox 2391 1171 2805 1255; x_wconf 78' lang='grc' dir='ltr'><strong><em>βασιλεύσειν</em></strong></span> <span class='ocrx_word' id='word_1_73' title='bbox 2846 1174 2976 1247; x_wconf 86' lang='grc' dir='ltr'><strong><em>τὸν</em></strong></span> 
     </span>
     <span class='ocr_line' id='line_1_8' title="bbox 359 1267 2977 1362; baseline 0 -21"><span class='ocrx_word' id='word_1_74' title='bbox 359 1275 426 1357; x_wconf 77' lang='grc' dir='ltr'><strong><em>ἐξ</em></strong></span> <span class='ocrx_word' id='word_1_75' title='bbox 465 1269 677 1361; x_wconf 71' lang='grc' dir='ltr'><strong><em>αὐτῆς</em></strong></span> <span class='ocrx_word' id='word_1_76' title='bbox 723 1277 944 1358; x_wconf 82' lang='grc' dir='ltr'><strong><em>λέγων</em></strong></span> <span class='ocrx_word' id='word_1_77' title='bbox 993 1277 1138 1340; x_wconf 74' lang='grc' dir='ltr'><strong><em>»καὶ</em></strong></span> <span class='ocrx_word' id='word_1_78' title='bbox 1181 1275 1306 1359; x_wconf 88' lang='grc' dir='ltr'><strong><em>τῆς</em></strong></span> <span class='ocrx_word' id='word_1_79' title='bbox 1349 1277 1686 1353; x_wconf 76' lang='grc' dir='ltr'><strong><em>βασιλείας</em></strong></span> <span class='ocrx_word' id='word_1_80' title='bbox 1730 1267 1981 1343; x_wconf 66' lang='grc' dir='ltr'><strong><em>αὐτοῦ(</em></strong></span> <span class='ocrx_word' id='word_1_81' title='bbox 2039 1270 2129 1360; x_wconf 82' lang='grc' dir='ltr'><strong><em>μὴ</em></strong></span> <span class='ocrx_word' id='word_1_82' title='bbox 2179 1274 2447 1342; x_wconf 82' lang='grc' dir='ltr'><strong><em>ἔσεσθαι</em></strong></span> <span class='ocrx_word' id='word_1_83' title='bbox 2489 1276 2705 1355; x_wconf 82' lang='grc' dir='ltr'><strong><em>τέλος.</em></strong></span> <span class='ocrx_word' id='word_1_84' title='bbox 2788 1271 2977 1362; x_wconf 84' lang='grc' dir='ltr'><strong><em>Μάρ-</em></strong></span> 
     </span>
     <span class='ocr_line' id='line_1_9' title="bbox 355 1363 2977 1460; baseline 0.001 -20"><span class='ocrx_word' id='word_1_85' title='bbox 355 1381 594 1453; x_wconf 87' lang='grc' dir='ltr'><strong><em>κελλος</em></strong></span> <span class='ocrx_word' id='word_1_86' title='bbox 645 1377 718 1443; x_wconf 81' lang='grc' dir='ltr'><strong><em>δὲ</em></strong></span> <span class='ocrx_word' id='word_1_87' title='bbox 770 1363 963 1452; x_wconf 79' lang='grc' dir='ltr'><strong><em>ὅπως</em></strong></span> <span class='ocrx_word' id='word_1_88' title='bbox 1007 1368 1284 1451; x_wconf 84' lang='grc' dir='ltr'><strong><em>τούτοις</em></strong></span> <span class='ocrx_word' id='word_1_89' title='bbox 1329 1391 1581 1441; x_wconf 86' lang='grc' dir='ltr'><strong><em>απασιν</em></strong></span> <span class='ocrx_word' id='word_1_90' title='bbox 1631 1375 1908 1444; x_wconf 78' lang='grc' dir='ltr'><strong><em>ἐναντία</em></strong></span> <span class='ocrx_word' id='word_1_91' title='bbox 1952 1367 2239 1460; x_wconf 77' lang='grc' dir='ltr'><strong><em>γράφειν</em></strong></span> <span class='ocrx_word' id='word_1_92' title='bbox 2280 1366 2552 1460; x_wconf 78' lang='grc' dir='ltr'><strong><em>ἐτόλμα,</em></strong></span> <span class='ocrx_word' id='word_1_93' title='bbox 2596 1367 2845 1459; x_wconf 86' lang='grc' dir='ltr'><strong><em>μάθοις</em></strong></span> <span class='ocrx_word' id='word_1_94' title='bbox 2890 1401 2977 1443; x_wconf 88' lang='grc' dir='ltr'><strong><em>αν</em></strong></span> 
     </span>
     <span class='ocr_line' id='line_1_10' title="bbox 353 1461 2976 1560; baseline 0 -19"><span class='ocrx_word' id='word_1_95' title='bbox 353 1475 426 1541; x_wconf 88' lang='grc' dir='ltr'><strong><em>ἐκ</em></strong></span> <span class='ocrx_word' id='word_1_96' title='bbox 467 1476 620 1542; x_wconf 81' lang='grc' dir='ltr'><strong><em>τῶν</em></strong></span> <span class='ocrx_word' id='word_1_97' title='bbox 663 1466 876 1541; x_wconf 74' lang='grc' dir='ltr'><strong><em>αὐτοῦ</em></strong></span> <span class='ocrx_word' id='word_1_98' title='bbox 919 1476 1204 1556; x_wconf 81' lang='grc' dir='ltr'><strong><em>φωνῶν,</em></strong></span> <span class='ocrx_word' id='word_1_99' title='bbox 1251 1466 1344 1539; x_wconf 75' lang='grc' dir='ltr'><strong><em>δι’</em></strong></span> <span class='ocrx_word' id='word_1_100' title='bbox 1390 1461 1492 1540; x_wconf 77' lang='grc' dir='ltr'><strong><em>ὦν</em></strong></span> <span class='ocrx_word' id='word_1_101' title='bbox 1535 1465 1708 1558; x_wconf 78' lang='grc' dir='ltr'><strong><em>ὅμοῦ</em></strong></span> <span class='ocrx_word' id='word_1_102' title='bbox 1749 1470 1881 1560; x_wconf 85' lang='grc' dir='ltr'><strong><em>τὴν</em></strong></span> <span class='ocrx_word' id='word_1_103' title='bbox 1923 1468 2229 1560; x_wconf 87' lang='grc' dir='ltr'><strong><em>θεότητα</em></strong></span> <span class='ocrx_word' id='word_1_104' title='bbox 2280 1477 2389 1540; x_wconf 82' lang='grc' dir='ltr'><strong><em>καὶ</em></strong></span> <span class='ocrx_word' id='word_1_105' title='bbox 2432 1470 2563 1558; x_wconf 87' lang='grc' dir='ltr'><strong><em>τὴν</em></strong></span> <span class='ocrx_word' id='word_1_106' title='bbox 2604 1468 2976 1560; x_wconf 65' lang='lat' dir='ltr'><strong><em>‹3223me-</em></strong></span> 
     </span>
    </p>

    <p class='ocr_par' dir='ltr' id='par_1_4' title="bbox 261 1565 3076 2059">
     <span class='ocr_line' id='line_1_11' title="bbox 261 1565 2975 1660; baseline 0.003 -25"><span class='ocrx_word' id='word_1_107' title='bbox 261 1582 324 1636; x_wconf 92' lang='lat'><strong><em>10</em></strong></span> <span class='ocrx_word' id='word_1_108' title='bbox 354 1596 527 1660; x_wconf 90' lang='grc' dir='ltr'><strong><em>τητα</em></strong></span> <span class='ocrx_word' id='word_1_109' title='bbox 583 1576 708 1641; x_wconf 90' lang='grc' dir='ltr'><strong><em>τοῦ</em></strong></span> <span class='ocrx_word' id='word_1_110' title='bbox 760 1573 914 1640; x_wconf 94' lang='grc' dir='ltr'><strong><em>υἱοῦ</em></strong></span> <span class='ocrx_word' id='word_1_111' title='bbox 959 1575 1083 1640; x_wconf 89' lang='grc' dir='ltr'><strong><em>τοῦ</em></strong></span> <span class='ocrx_word' id='word_1_112' title='bbox 1134 1575 1303 1639; x_wconf 88' lang='grc' dir='ltr'><strong><em>θεοῦ</em></strong></span> <span class='ocrx_word' id='word_1_113' title='bbox 1355 1565 1624 1659; x_wconf 82' lang='grc' dir='ltr'><strong><em>ἠρνεῖτο</em></strong></span> <span class='ocrx_word' id='word_1_114' title='bbox 1677 1566 2081 1657; x_wconf 82' lang='grc' dir='ltr'><strong><em>καινότερον</em></strong></span> <span class='ocrx_word' id='word_1_115' title='bbox 2136 1597 2177 1658; x_wconf 95' lang='grc' dir='ltr'><strong><em>η</em></strong></span> <span class='ocrx_word' id='word_1_116' title='bbox 2241 1568 2417 1640; x_wconf 81' lang='grc' dir='ltr'><strong><em>κατὰ</em></strong></span> <span class='ocrx_word' id='word_1_117' title='bbox 2474 1576 2699 1642; x_wconf 84' lang='grc' dir='ltr'><strong><em>πᾶσαν</em></strong></span> <span class='ocrx_word' id='word_1_118' title='bbox 2758 1570 2975 1644; x_wconf 83' lang='grc' dir='ltr'><strong><em>ἄθεον</em></strong></span> 
     </span>
     <span class='ocr_line' id='line_1_12' title="bbox 355 1665 3076 1763; baseline 0.002 -25"><span class='ocrx_word' id='word_1_119' title='bbox 355 1673 616 1758; x_wconf 66' lang='grc' dir='ltr'><strong><em>αἰρεσιν.</em></strong></span> <span class='ocrx_word' id='word_1_120' title='bbox 652 1715 689 1751; x_wconf 56' lang='grc' dir='ltr'><strong><em>,ι</em></strong></span> <span class='ocrx_word' id='word_1_121' title='bbox 703 1677 853 1742; x_wconf 82' lang='grc' dir='ltr'><strong><em>τῶν</em></strong></span> <span class='ocrx_word' id='word_1_122' title='bbox 898 1669 1022 1760; x_wconf 82' lang='grc' dir='ltr'><strong><em>γὰρ</em></strong></span> <span class='ocrx_word' id='word_1_123' title='bbox 1069 1665 1488 1755; x_wconf 75' lang='grc' dir='ltr'><strong><em>ἑτεροδόξων</em></strong></span> <span class='ocrx_word' id='word_1_124' title='bbox 1539 1673 1604 1740; x_wconf 91' lang='grc' dir='ltr'><strong><em>οἱ</em></strong></span> <span class='ocrx_word' id='word_1_125' title='bbox 1653 1677 1776 1760; x_wconf 79' lang='grc' dir='ltr'><strong><em>μὲν</em></strong></span> <span class='ocrx_word' id='word_1_126' title='bbox 1819 1669 1910 1759; x_wconf 86' lang='grc' dir='ltr'><strong><em>μὴ</em></strong></span> <span class='ocrx_word' id='word_1_127' title='bbox 1953 1685 2259 1757; x_wconf 78' lang='grc' dir='ltr'><strong><em>προεῖναι</em></strong></span> <span class='ocrx_word' id='word_1_128' title='bbox 2306 1673 2473 1758; x_wconf 88' lang='grc' dir='ltr'><strong><em>μηδὲ</em></strong></span> <span class='ocrx_word' id='word_1_129' title='bbox 2514 1668 2974 1763; x_wconf 75' lang='grc' dir='ltr'><strong><em>προϋπάρχειν</em></strong></span> <span class='ocrx_word' id='word_1_130' title='bbox 3041 1675 3076 1734; x_wconf 88' lang='grc'>9</span> 
     </span>
     <span class='ocr_line' id='line_1_13' title="bbox 351 1764 2977 1862; baseline 0.002 -22"><span class='ocrx_word' id='word_1_131' title='bbox 351 1768 475 1841; x_wconf 87' lang='grc' dir='ltr'><strong><em>τὸν</em></strong></span> <span class='ocrx_word' id='word_1_132' title='bbox 509 1768 666 1841; x_wconf 84' lang='grc' dir='ltr'><strong><em>υἱὸν</em></strong></span> <span class='ocrx_word' id='word_1_133' title='bbox 707 1775 836 1841; x_wconf 90' lang='grc' dir='ltr'><strong><em>τοῦ</em></strong></span> <span class='ocrx_word' id='word_1_134' title='bbox 876 1775 1046 1842; x_wconf 87' lang='grc' dir='ltr'><strong><em>θεοῦ</em></strong></span> <span class='ocrx_word' id='word_1_135' title='bbox 1076 1767 1350 1856; x_wconf 79' lang='grc' dir='ltr'><strong><em>φάντες,</em></strong></span> <span class='ocrx_word' id='word_1_136' title='bbox 1396 1767 1784 1858; x_wconf 89' lang='grc' dir='ltr'><strong><em>ανθρωπον</em></strong></span> <span class='ocrx_word' id='word_1_137' title='bbox 1812 1771 1983 1841; x_wconf 80' lang='grc' dir='ltr'><strong><em>εἶναι</em></strong></span> <span class='ocrx_word' id='word_1_138' title='bbox 2022 1764 2237 1840; x_wconf 84' lang='grc' dir='ltr'><strong><em>αύτὸν</em></strong></span> <span class='ocrx_word' id='word_1_139' title='bbox 2266 1785 2409 1850; x_wconf 87' lang='grc' dir='ltr'><strong><em>τοῖς</em></strong></span> <span class='ocrx_word' id='word_1_140' title='bbox 2441 1765 2775 1854; x_wconf 58' lang='grc' dir='ltr'><strong><em>λοιποῖςο</em></strong></span> <span class='ocrx_word' id='word_1_141' title='bbox 2736 1801 2977 1862; x_wconf 89' lang='grc' dir='ltr'><strong><em>ομοιον</em></strong></span> 
     </span>
     <span class='ocr_line' id='line_1_14' title="bbox 351 1866 2975 1962; baseline 0.002 -23"><span class='ocrx_word' id='word_1_142' title='bbox 351 1866 766 1958; x_wconf 77' lang='grc' dir='ltr'><strong><em>ύποθέμενοι</em></strong></span> <span class='ocrx_word' id='word_1_143' title='bbox 825 1874 898 1954; x_wconf 78' lang='grc' dir='ltr'><strong><em>ἐξ</em></strong></span> <span class='ocrx_word' id='word_1_144' title='bbox 947 1867 1358 1957; x_wconf 81' lang='grc' dir='ltr'><strong><em>ἀνθρώπου,</em></strong></span> <span class='ocrx_word' id='word_1_145' title='bbox 1420 1872 1730 1962; x_wconf 76' lang='grc' dir='ltr'><strong><em>υἱοθεσία</em></strong></span> <span class='ocrx_word' id='word_1_146' title='bbox 1773 1874 2181 1958; x_wconf 84' lang='grc' dir='ltr'><strong><em>τετιμῆσθαι</em></strong></span> <span class='ocrx_word' id='word_1_147' title='bbox 2242 1866 2458 1940; x_wconf 86' lang='grc' dir='ltr'><strong><em>αύτὸν</em></strong></span> <span class='ocrx_word' id='word_1_148' title='bbox 2516 1871 2804 1957; x_wconf 81' lang='grc' dir='ltr'><strong><em>ἔφασαν,</em></strong></span> <span class='ocrx_word' id='word_1_149' title='bbox 2865 1879 2975 1943; x_wconf 76' lang='grc' dir='ltr'><strong><em>καὶ</em></strong></span> 
     </span>
     <span class='ocr_line' id='line_1_15' title="bbox 349 1963 2974 2059; baseline 0.001 -19"><span class='ocrx_word' id='word_1_150' title='bbox 349 1975 560 2041; x_wconf 88' lang='grc' dir='ltr'><strong><em>τοῦτο</em></strong></span> <span class='ocrx_word' id='word_1_151' title='bbox 609 1967 850 2050; x_wconf 78' lang='grc' dir='ltr'><strong><em>δόντες</em></strong></span> <span class='ocrx_word' id='word_1_152' title='bbox 893 1965 1253 2040; x_wconf 88' lang='grc' dir='ltr'><strong><em>ἀθάνατον</em></strong></span> <span class='ocrx_word' id='word_1_153' title='bbox 1294 1975 1405 2038; x_wconf 80' lang='grc' dir='ltr'><strong><em>καὶ</em></strong></span> <span class='ocrx_word' id='word_1_154' title='bbox 1451 1963 1911 2059; x_wconf 74' lang='grc' dir='ltr'><strong><em>ἀτελεύτητον</em></strong></span> <span class='ocrx_word' id='word_1_155' title='bbox 1967 1965 2155 2058; x_wconf 82' lang='grc' dir='ltr'><strong><em>αύτῷ</em></strong></span> <span class='ocrx_word' id='word_1_156' title='bbox 2210 1966 2415 2058; x_wconf 85' lang='grc' dir='ltr'><strong><em>τιμὴν</em></strong></span> <span class='ocrx_word' id='word_1_157' title='bbox 2458 1974 2572 2039; x_wconf 82' lang='grc' dir='ltr'><strong><em>καὶ</em></strong></span> <span class='ocrx_word' id='word_1_158' title='bbox 2616 1968 2823 2056; x_wconf 74' lang='grc' dir='ltr'><strong><em>δόξαν</em></strong></span> <span class='ocrx_word' id='word_1_159' title='bbox 2863 1981 2974 2044; x_wconf 80' lang='grc' dir='ltr'><strong><em>καὶ</em></strong></span> 
     </span>
    </p>

    <p class='ocr_par' dir='ltr' id='par_1_5' title="bbox 257 2064 2978 2559">
     <span class='ocr_line' id='line_1_16' title="bbox 257 2064 2973 2160; baseline 0.003 -26"><span class='ocrx_word' id='word_1_160' title='bbox 257 2081 316 2134; x_wconf 83' lang='lat'><strong><em>15</em></strong></span> <span class='ocrx_word' id='word_1_161' title='bbox 348 2073 690 2152; x_wconf 86' lang='grc' dir='ltr'><strong><em>βασιλείαν</em></strong></span> <span class='ocrx_word' id='word_1_162' title='bbox 733 2066 1018 2140; x_wconf 78' lang='grc' dir='ltr'><strong><em>αἰώνιον</em></strong></span> <span class='ocrx_word' id='word_1_163' title='bbox 1063 2064 1608 2158; x_wconf 63' lang='grc' dir='ltr'><strong><em>ὡμολογήκασιν·</em></strong></span> <span class='ocrx_word' id='word_1_164' title='bbox 1671 2069 1736 2142; x_wconf 87' lang='grc' dir='ltr'><strong><em>οἱ</em></strong></span> <span class='ocrx_word' id='word_1_165' title='bbox 1785 2074 1859 2140; x_wconf 78' lang='grc' dir='ltr'><strong><em>δὲ</em></strong></span> <span class='ocrx_word' id='word_1_166' title='bbox 1910 2067 2040 2139; x_wconf 84' lang='grc' dir='ltr'><strong><em>τὸν</em></strong></span> <span class='ocrx_word' id='word_1_167' title='bbox 2092 2067 2476 2154; x_wconf 77' lang='grc' dir='ltr'><strong><em>ἄνθρωπον</em></strong></span> <span class='ocrx_word' id='word_1_168' title='bbox 2518 2065 2973 2160; x_wconf 76' lang='grc' dir='ltr'><strong><em>ἀρνησάμενοι</em></strong></span> 
     </span>
     <span class='ocr_line' id='line_1_17' title="bbox 345 2163 2973 2261; baseline 0.002 -23"><span class='ocrx_word' id='word_1_169' title='bbox 345 2167 492 2240; x_wconf 86' lang='grc' dir='ltr'><strong><em>υἱὸν</em></strong></span> <span class='ocrx_word' id='word_1_170' title='bbox 538 2169 714 2240; x_wconf 81' lang='grc' dir='ltr'><strong><em>εἶναι</em></strong></span> <span class='ocrx_word' id='word_1_171' title='bbox 755 2172 926 2238; x_wconf 86' lang='grc' dir='ltr'><strong><em>θεοῦ</em></strong></span> <span class='ocrx_word' id='word_1_172' title='bbox 967 2165 1138 2239; x_wconf 85' lang='grc' dir='ltr'><strong><em>θεὸν</em></strong></span> <span class='ocrx_word' id='word_1_173' title='bbox 1181 2165 1492 2258; x_wconf 90' lang='grc' dir='ltr'><strong><em>προόντα</em></strong></span> <span class='ocrx_word' id='word_1_174' title='bbox 1533 2165 2023 2258; x_wconf 70' lang='grc' dir='ltr'><strong><em>ὑπεστήσαντο.</em></strong></span> <span class='ocrx_word' id='word_1_175' title='bbox 2105 2163 2255 2239; x_wconf 75' lang='grc' dir='ltr'><strong><em>ἀλλ’</em></strong></span> <span class='ocrx_word' id='word_1_176' title='bbox 2301 2171 2365 2238; x_wconf 94' lang='grc' dir='ltr'><strong><em>οἱ</em></strong></span> <span class='ocrx_word' id='word_1_177' title='bbox 2407 2174 2533 2256; x_wconf 81' lang='grc' dir='ltr'><strong><em>μὲν</em></strong></span> <span class='ocrx_word' id='word_1_178' title='bbox 2573 2174 2697 2258; x_wconf 90' lang='grc' dir='ltr'><strong><em>τῆς</em></strong></span> <span class='ocrx_word' id='word_1_179' title='bbox 2739 2173 2973 2261; x_wconf 81' lang='grc' dir='ltr'><strong><em>ἐκκλη-</em></strong></span> 
     </span>
     <span class='ocr_line' id='line_1_18' title="bbox 345 2261 2971 2358; baseline 0.001 -20"><span class='ocrx_word' id='word_1_180' title='bbox 345 2276 486 2350; x_wconf 89' lang='grc' dir='ltr'><strong><em>σίας</em></strong></span> <span class='ocrx_word' id='word_1_181' title='bbox 530 2263 888 2355; x_wconf 73' lang='grc' dir='ltr'><strong><em>ἀλλότριοι</em></strong></span> <span class='ocrx_word' id='word_1_182' title='bbox 930 2272 1118 2357; x_wconf 88' lang='grc' dir='ltr'><strong><em>μέχρι</em></strong></span> <span class='ocrx_word' id='word_1_183' title='bbox 1161 2264 1501 2338; x_wconf 85' lang='grc' dir='ltr'><strong><em>τοσούτου</em></strong></span> <span class='ocrx_word' id='word_1_184' title='bbox 1539 2264 1803 2358; x_wconf 80' lang='grc' dir='ltr'><strong><em>πλάνης</em></strong></span> <span class='ocrx_word' id='word_1_185' title='bbox 1858 2265 2130 2356; x_wconf 81' lang='grc' dir='ltr'><strong><em>ἤλασαν.</em></strong></span> <span class='ocrx_word' id='word_1_186' title='bbox 2218 2261 2255 2338; x_wconf 96' lang='lat'><strong><em>6</em></strong></span> <span class='ocrx_word' id='word_1_187' title='bbox 2318 2272 2391 2337; x_wconf 80' lang='grc' dir='ltr'><strong><em>δὲ</em></strong></span> <span class='ocrx_word' id='word_1_188' title='bbox 2444 2273 2567 2357; x_wconf 90' lang='grc' dir='ltr'><strong><em>τῆς</em></strong></span> <span class='ocrx_word' id='word_1_189' title='bbox 2620 2273 2971 2358; x_wconf 78' lang='grc' dir='ltr'><strong><em>ἐκκλησίας</em></strong></span> 
     </span>
     <span class='ocr_line' id='line_1_19' title="bbox 345 2360 2978 2460; baseline 0.001 -22"><span class='ocrx_word' id='word_1_190' title='bbox 345 2375 466 2439; x_wconf 91' lang='grc' dir='ltr'><strong><em>τοῦ</em></strong></span> <span class='ocrx_word' id='word_1_191' title='bbox 508 2373 684 2440; x_wconf 85' lang='grc' dir='ltr'><strong><em>θεοῦ</em></strong></span> <span class='ocrx_word' id='word_1_192' title='bbox 735 2365 1094 2450; x_wconf 88' lang='grc' dir='ltr'><strong><em>τοσούτοις</em></strong></span> <span class='ocrx_word' id='word_1_193' title='bbox 1158 2364 1713 2458; x_wconf 79' lang='grc' dir='ltr'><strong><em>καθηγησάμενος</em></strong></span> <span class='ocrx_word' id='word_1_194' title='bbox 1773 2364 2045 2457; x_wconf 84' lang='grc' dir='ltr'><strong><em>χρόνοις</em></strong></span> <span class='ocrx_word' id='word_1_195' title='bbox 2104 2364 2233 2456; x_wconf 87' lang='grc' dir='ltr'><strong><em>τὴν</em></strong></span> <span class='ocrx_word' id='word_1_196' title='bbox 2294 2360 2588 2455; x_wconf 72' lang='grc' dir='ltr'><strong><em>ὕπαρξιν</em></strong></span> <span class='ocrx_word' id='word_1_197' title='bbox 2646 2363 2978 2460; x_wconf 86' lang='grc' dir='ltr'><strong><em>&lt;ἀν&gt;αιρεῖ</em></strong></span> 
     </span>
     <span class='ocr_line' id='line_1_20' title="bbox 343 2463 2969 2559; baseline 0.001 -23"><span class='ocrx_word' id='word_1_198' title='bbox 343 2473 469 2539; x_wconf 88' lang='grc' dir='ltr'><strong><em>τοῦ</em></strong></span> <span class='ocrx_word' id='word_1_199' title='bbox 551 2472 706 2540; x_wconf 88' lang='grc' dir='ltr'><strong><em>υἱοῦ</em></strong></span> <span class='ocrx_word' id='word_1_200' title='bbox 775 2473 902 2538; x_wconf 88' lang='grc' dir='ltr'><strong><em>τοῦ</em></strong></span> <span class='ocrx_word' id='word_1_201' title='bbox 969 2472 1168 2551; x_wconf 84' lang='grc' dir='ltr'><strong><em>θεοῦ,</em></strong></span> <span class='ocrx_word' id='word_1_202' title='bbox 1251 2473 1353 2556; x_wconf 82' lang='grc' dir='ltr'><strong><em>τῷ</em></strong></span> <span class='ocrx_word' id='word_1_203' title='bbox 1435 2471 1576 2556; x_wconf 90' lang='grc' dir='ltr'><strong><em>&lt;τε&gt;</em></strong></span> <span class='ocrx_word' id='word_1_204' title='bbox 1656 2463 1871 2539; x_wconf 86' lang='grc' dir='ltr'><strong><em>αύτοῦ</em></strong></span> <span class='ocrx_word' id='word_1_205' title='bbox 1948 2464 2428 2557; x_wconf 87' lang='grc' dir='ltr'><strong><em>λειτουργήσας</em></strong></span> <span class='ocrx_word' id='word_1_206' title='bbox 2499 2476 2969 2559; x_wconf 86' lang='grc' dir='ltr'><strong><em>θυσιαστηρίῳ</em></strong></span> 
     </span>
    </p>

    <p class='ocr_par' dir='ltr' id='par_1_6' title="bbox 247 2563 3069 3057">
     <span class='ocr_line' id='line_1_21' title="bbox 247 2563 2964 2656; baseline 0.002 -20"><span class='ocrx_word' id='word_1_207' title='bbox 247 2575 310 2629; x_wconf 86' lang='grc'><strong><em>20</em></strong></span> <span class='ocrx_word' id='word_1_208' title='bbox 342 2565 594 2638; x_wconf 77' lang='grc' dir='ltr'><strong><em>ἑαυτὸν</em></strong></span> <span class='ocrx_word' id='word_1_209' title='bbox 633 2572 756 2656; x_wconf 78' lang='grc' dir='ltr'><strong><em>μὲν</em></strong></span> <span class='ocrx_word' id='word_1_210' title='bbox 800 2569 1084 2637; x_wconf 79' lang='grc' dir='ltr'><strong><em>αἰωνίου</em></strong></span> <span class='ocrx_word' id='word_1_211' title='bbox 1126 2572 1238 2636; x_wconf 82' lang='grc' dir='ltr'><strong><em>καὶ</em></strong></span> <span class='ocrx_word' id='word_1_212' title='bbox 1287 2563 1644 2638; x_wconf 75' lang='grc' dir='ltr'><strong><em>ἀθανάτου</em></strong></span> <span class='ocrx_word' id='word_1_213' title='bbox 1691 2573 1867 2656; x_wconf 78' lang='grc' dir='ltr'><strong><em>ζωῆς</em></strong></span> <span class='ocrx_word' id='word_1_214' title='bbox 1898 2565 2251 2654; x_wconf 77' lang='grc' dir='ltr'><strong><em>τεύξεσθαι</em></strong></span> <span class='ocrx_word' id='word_1_215' title='bbox 2280 2563 2451 2654; x_wconf 89' lang='grc' dir='ltr'><strong><em>τάχα</em></strong></span> <span class='ocrx_word' id='word_1_216' title='bbox 2479 2595 2618 2638; x_wconf 90' lang='grc' dir='ltr'><strong><em>που</em></strong></span> <span class='ocrx_word' id='word_1_217' title='bbox 2643 2567 2964 2654; x_wconf 88' lang='grc' dir='ltr'><strong><em>πιστεύει,</em></strong></span> 
     </span>
     <span class='ocr_line' id='line_1_22' title="bbox 341 2661 3069 2756; baseline 0.001 -19"><span class='ocrx_word' id='word_1_218' title='bbox 341 2665 465 2737; x_wconf 82' lang='grc' dir='ltr'><strong><em>τὸν</em></strong></span> <span class='ocrx_word' id='word_1_219' title='bbox 505 2672 550 2738; x_wconf 89' lang='grc' dir='ltr'><strong><em>δ</em></strong></span> <span class='ocrx_word' id='word_1_220' title='bbox 557 2663 577 2689; x_wconf 77' lang='lat'><strong><em>³</em></strong></span> <span class='ocrx_word' id='word_1_221' title='bbox 625 2662 925 2754; x_wconf 82' lang='grc' dir='ltr'><strong><em>ἀρχιερέα</em></strong></span> <span class='ocrx_word' id='word_1_222' title='bbox 967 2663 1222 2754; x_wconf 88' lang='grc' dir='ltr'><strong><em>ταύτης</em></strong></span> <span class='ocrx_word' id='word_1_223' title='bbox 1261 2661 1636 2754; x_wconf 82' lang='grc' dir='ltr'><strong><em>ἀποστερεῖ.</em></strong></span> <span class='ocrx_word' id='word_1_224' title='bbox 1722 2669 1957 2755; x_wconf 83' lang='grc' dir='ltr'><strong><em>ἔχομεν</em></strong></span> <span class='ocrx_word' id='word_1_225' title='bbox 2000 2671 2072 2737; x_wconf 82' lang='grc' dir='ltr'><strong><em>δὲ</em></strong></span> <span class='ocrx_word' id='word_1_226' title='bbox 2120 2663 2457 2756; x_wconf 73' lang='grc' dir='ltr'><strong><em>»ἀρχιερέα</em></strong></span> <span class='ocrx_word' id='word_1_227' title='bbox 2498 2670 2741 2756; x_wconf 68' lang='grc' dir='ltr'><strong><em>μέγαν(</em></strong></span> <span class='ocrx_word' id='word_1_228' title='bbox 2789 2668 2966 2740; x_wconf 80' lang='grc' dir='ltr'><strong><em>κατὰ</em></strong></span> <span class='ocrx_word' id='word_1_229' title='bbox 3002 2676 3069 2732; x_wconf 90' lang='grc'><strong><em>10</em></strong></span> 
     </span>
     <span class='ocr_line' id='line_1_23' title="bbox 339 2761 2967 2857; baseline 0.001 -20"><span class='ocrx_word' id='word_1_230' title='bbox 339 2764 466 2837; x_wconf 84' lang='grc' dir='ltr'><strong><em>τὸν</em></strong></span> <span class='ocrx_word' id='word_1_231' title='bbox 509 2762 906 2840; x_wconf 88' lang='grc' dir='ltr'><strong><em>ἀπόστολον</em></strong></span> <span class='ocrx_word' id='word_1_232' title='bbox 974 2762 1466 2853; x_wconf 78' lang='grc' dir='ltr'><strong><em>»διεληλυθότα</em></strong></span> <span class='ocrx_word' id='word_1_233' title='bbox 1519 2764 1682 2849; x_wconf 81' lang='grc' dir='ltr'><strong><em>τούς</em></strong></span> <span class='ocrx_word' id='word_1_234' title='bbox 1735 2761 2093 2855; x_wconf 73' lang='grc' dir='ltr'><strong><em>οὐρανούς,</em></strong></span> <span class='ocrx_word' id='word_1_235' title='bbox 2154 2762 2405 2857; x_wconf 86' lang='grc' dir='ltr'><strong><em>Ἰησοῦν</em></strong></span> <span class='ocrx_word' id='word_1_236' title='bbox 2468 2763 2597 2838; x_wconf 83' lang='grc' dir='ltr'><strong><em>τὸν</em></strong></span> <span class='ocrx_word' id='word_1_237' title='bbox 2642 2765 2794 2840; x_wconf 84' lang='grc' dir='ltr'><strong><em>υἱὸν</em></strong></span> <span class='ocrx_word' id='word_1_238' title='bbox 2840 2774 2967 2843; x_wconf 89' lang='grc' dir='ltr'><strong><em>τοῦ</em></strong></span> 
     </span>
     <span class='ocr_line' id='line_1_24' title="bbox 339 2858 2965 2959; baseline 0 -21"><span class='ocrx_word' id='word_1_239' title='bbox 339 2874 568 2952; x_wconf 70' lang='grc' dir='ltr'><strong><em>θεοῦι,</em></strong></span> <span class='ocrx_word' id='word_1_240' title='bbox 616 2860 700 2938; x_wconf 75' lang='grc' dir='ltr'><strong><em>ὃν</em></strong></span> <span class='ocrx_word' id='word_1_241' title='bbox 745 2858 906 2939; x_wconf 81' lang='grc' dir='ltr'><strong><em>οὔτε</em></strong></span> <span class='ocrx_word' id='word_1_242' title='bbox 947 2885 1260 2956; x_wconf 83' lang='grc' dir='ltr'><strong><em>προεῖναι</em></strong></span> <span class='ocrx_word' id='word_1_243' title='bbox 1305 2858 1466 2938; x_wconf 78' lang='grc' dir='ltr'><strong><em>οὔτε</em></strong></span> <span class='ocrx_word' id='word_1_244' title='bbox 1507 2863 2021 2955; x_wconf 81' lang='grc' dir='ltr'><strong><em>προϋφεστάναι</em></strong></span> <span class='ocrx_word' id='word_1_245' title='bbox 2049 2872 2267 2959; x_wconf 78' lang='grc' dir='ltr'><strong><em>τολμᾷ</em></strong></span> <span class='ocrx_word' id='word_1_246' title='bbox 2297 2873 2536 2955; x_wconf 79' lang='grc' dir='ltr'><strong><em>λέγειν,</em></strong></span> <span class='ocrx_word' id='word_1_247' title='bbox 2580 2864 2759 2940; x_wconf 80' lang='grc' dir='ltr'><strong><em>ἀλλὰ</em></strong></span> <span class='ocrx_word' id='word_1_248' title='bbox 2800 2874 2965 2958; x_wconf 81' lang='grc' dir='ltr'><strong><em>μηδὲ</em></strong></span> 
     </span>
     <span class='ocr_line' id='line_1_25' title="bbox 339 2962 2967 3057; baseline 0.001 -21"><span class='ocrx_word' id='word_1_249' title='bbox 339 2968 614 3038; x_wconf 80' lang='grc' dir='ltr'><strong><em>ἔσεσθαι</em></strong></span> <span class='ocrx_word' id='word_1_250' title='bbox 668 2970 834 3055; x_wconf 80' lang='grc' dir='ltr'><strong><em>μηδὲ</em></strong></span> <span class='ocrx_word' id='word_1_251' title='bbox 885 2984 1032 3049; x_wconf 87' lang='grc' dir='ltr'><strong><em>τοῖς</em></strong></span> <span class='ocrx_word' id='word_1_252' title='bbox 1085 2962 1300 3055; x_wconf 81' lang='grc' dir='ltr'><strong><em>άγίοις</em></strong></span> <span class='ocrx_word' id='word_1_253' title='bbox 1361 2972 1488 3038; x_wconf 90' lang='grc' dir='ltr'><strong><em>τοῦ</em></strong></span> <span class='ocrx_word' id='word_1_254' title='bbox 1545 2972 1717 3038; x_wconf 88' lang='grc' dir='ltr'><strong><em>θεοῦ</em></strong></span> <span class='ocrx_word' id='word_1_255' title='bbox 1775 2970 2175 3036; x_wconf 84' lang='grc' dir='ltr'><strong><em>συνέσεσθαι</em></strong></span> <span class='ocrx_word' id='word_1_256' title='bbox 2230 2962 2379 3037; x_wconf 81' lang='grc' dir='ltr'><strong><em>κατ’</em></strong></span> <span class='ocrx_word' id='word_1_257' title='bbox 2443 2962 2659 3055; x_wconf 72' lang='grc' dir='ltr'><strong><em>αὐτὴν</em></strong></span> <span class='ocrx_word' id='word_1_258' title='bbox 2701 2971 2967 3057; x_wconf 84' lang='grc' dir='ltr'><strong><em>ἐκείνην</em></strong></span> 
     </span>
    </p>

    <p class='ocr_par' dir='ltr' id='par_1_7' title="bbox 245 3062 3081 3554">
     <span class='ocr_line' id='line_1_26' title="bbox 245 3062 2968 3156; baseline 0 -20"><span class='ocrx_word' id='word_1_259' title='bbox 245 3074 307 3129; x_wconf 80' lang='grc'><strong><em>25</em></strong></span> <span class='ocrx_word' id='word_1_260' title='bbox 341 3068 467 3156; x_wconf 86' lang='grc' dir='ltr'><strong><em>τὴν</em></strong></span> <span class='ocrx_word' id='word_1_261' title='bbox 524 3072 930 3155; x_wconf 78' lang='grc' dir='ltr'><strong><em>ἐπαγγελίαν</em></strong></span> <span class='ocrx_word' id='word_1_262' title='bbox 989 3072 1113 3156; x_wconf 87' lang='grc' dir='ltr'><strong><em>τῆς</em></strong></span> <span class='ocrx_word' id='word_1_263' title='bbox 1173 3074 1324 3139; x_wconf 83' lang='grc' dir='ltr'><strong><em>τῶν</em></strong></span> <span class='ocrx_word' id='word_1_264' title='bbox 1386 3062 1704 3154; x_wconf 81' lang='grc' dir='ltr'><strong><em>ούρανῶν</em></strong></span> <span class='ocrx_word' id='word_1_265' title='bbox 1762 3074 2115 3151; x_wconf 85' lang='grc' dir='ltr'><strong><em>βασιλείας.</em></strong></span> <span class='ocrx_word' id='word_1_266' title='bbox 2199 3072 2573 3155; x_wconf 87' lang='grc' dir='ltr'><strong><em>τηνικαῦτα</em></strong></span> <span class='ocrx_word' id='word_1_267' title='bbox 2633 3066 2759 3156; x_wconf 82' lang='grc' dir='ltr'><strong><em>γὰρ</em></strong></span> <span class='ocrx_word' id='word_1_268' title='bbox 2820 3074 2968 3139; x_wconf 84' lang='grc' dir='ltr'><strong><em>τῶν</em></strong></span> 
     </span>
     <span class='ocr_line' id='line_1_27' title="bbox 340 3160 2969 3257; baseline 0.001 -21"><span class='ocrx_word' id='word_1_269' title='bbox 340 3160 554 3255; x_wconf 85' lang='grc' dir='ltr'><strong><em>άγίων</em></strong></span> <span class='ocrx_word' id='word_1_270' title='bbox 598 3161 936 3238; x_wconf 79' lang='grc' dir='ltr'><strong><em>ἀπάντων</em></strong></span> <span class='ocrx_word' id='word_1_271' title='bbox 978 3162 1420 3255; x_wconf 78' lang='grc' dir='ltr'><strong><em>μεθεξόντων</em></strong></span> <span class='ocrx_word' id='word_1_272' title='bbox 1471 3171 1594 3257; x_wconf 89' lang='grc' dir='ltr'><strong><em>τῆς</em></strong></span> <span class='ocrx_word' id='word_1_273' title='bbox 1646 3171 1772 3235; x_wconf 89' lang='grc' dir='ltr'><strong><em>τοῦ</em></strong></span> <span class='ocrx_word' id='word_1_274' title='bbox 1829 3171 2000 3237; x_wconf 88' lang='grc' dir='ltr'><strong><em>θεοῦ</em></strong></span> <span class='ocrx_word' id='word_1_275' title='bbox 2050 3171 2387 3250; x_wconf 87' lang='grc' dir='ltr'><strong><em>βασιλείας</em></strong></span> <span class='ocrx_word' id='word_1_276' title='bbox 2448 3168 2523 3237; x_wconf 80' lang='grc' dir='ltr'><strong><em>ἐν</em></strong></span> <span class='ocrx_word' id='word_1_277' title='bbox 2580 3161 2969 3255; x_wconf 86' lang='grc' dir='ltr'><strong><em>ἀφθάρτοις</em></strong></span> 
     </span>
     <span class='ocr_line' id='line_1_28' title="bbox 339 3260 3081 3354; baseline -0.002 -19"><span class='ocrx_word' id='word_1_278' title='bbox 339 3274 448 3336; x_wconf 84' lang='grc' dir='ltr'><strong><em>καὶ</em></strong></span> <span class='ocrx_word' id='word_1_279' title='bbox 489 3262 874 3349; x_wconf 88' lang='grc' dir='ltr'><strong><em>ἀθανάτοις</em></strong></span> <span class='ocrx_word' id='word_1_280' title='bbox 915 3266 1234 3354; x_wconf 78' lang='grc' dir='ltr'><strong><em>σώμασιν,</em></strong></span> <span class='ocrx_word' id='word_1_281' title='bbox 1273 3270 1282 3353; x_wconf 94' lang='grc' dir='ltr'>Ι</span> <span class='ocrx_word' id='word_1_282' title='bbox 1321 3261 1538 3353; x_wconf 88' lang='grc' dir='ltr'><strong><em>μόνον</em></strong></span> <span class='ocrx_word' id='word_1_283' title='bbox 1583 3264 1708 3336; x_wconf 85' lang='grc' dir='ltr'><strong><em>τὸν</em></strong></span> <span class='ocrx_word' id='word_1_284' title='bbox 1753 3262 2059 3353; x_wconf 81' lang='grc' dir='ltr'><strong><em>Χριστὸν</em></strong></span> <span class='ocrx_word' id='word_1_285' title='bbox 2101 3272 2213 3335; x_wconf 88' lang='grc' dir='ltr'><strong><em>καὶ</em></strong></span> <span class='ocrx_word' id='word_1_286' title='bbox 2244 3264 2377 3353; x_wconf 85' lang='grc' dir='ltr'><strong><em>τὴν</em></strong></span> <span class='ocrx_word' id='word_1_287' title='bbox 2404 3261 2619 3353; x_wconf 84' lang='grc' dir='ltr'><strong><em>σάρκα</em></strong></span> <span class='ocrx_word' id='word_1_288' title='bbox 2661 3260 2748 3353; x_wconf 81' lang='grc' dir='ltr'><strong><em>ἣν</em></strong></span> <span class='ocrx_word' id='word_1_289' title='bbox 2790 3261 2967 3337; x_wconf 88' lang='grc' dir='ltr'><strong><em>ἀνεί-</em></strong></span> <span class='ocrx_word' id='word_1_290' title='bbox 2999 3272 3081 3329; x_wconf 74' lang='lat'><strong><em>84</em></strong></span> 
     </span>
     <span class='ocr_line' id='line_1_29' title="bbox 341 3360 3065 3455; baseline -0.003 -20"><span class='ocrx_word' id='word_1_291' title='bbox 341 3375 556 3455; x_wconf 87' lang='grc' dir='ltr'><strong><em>ληφεν</em></strong></span> <span class='ocrx_word' id='word_1_292' title='bbox 604 3362 969 3453; x_wconf 84' lang='grc' dir='ltr'><strong><em>ἀποστερεῖ</em></strong></span> <span class='ocrx_word' id='word_1_293' title='bbox 1007 3362 1232 3455; x_wconf 72' lang='grc' dir='ltr'><strong><em>αὐτῆς.</em></strong></span> <span class='ocrx_word' id='word_1_294' title='bbox 1318 3371 1431 3435; x_wconf 82' lang='grc' dir='ltr'><strong><em>καὶ</em></strong></span> <span class='ocrx_word' id='word_1_295' title='bbox 1483 3360 1565 3435; x_wconf 84' lang='grc' dir='ltr'><strong><em>ού</em></strong></span> <span class='ocrx_word' id='word_1_296' title='bbox 1619 3372 1889 3451; x_wconf 87' lang='grc' dir='ltr'><strong><em>φρίττει</em></strong></span> <span class='ocrx_word' id='word_1_297' title='bbox 1951 3364 2081 3437; x_wconf 87' lang='grc' dir='ltr'><strong><em>τὸν</em></strong></span> <span class='ocrx_word' id='word_1_298' title='bbox 2138 3361 2435 3453; x_wconf 86' lang='grc' dir='ltr'><strong><em>ἀρχηγὸν</em></strong></span> <span class='ocrx_word' id='word_1_299' title='bbox 2494 3369 2618 3453; x_wconf 87' lang='grc' dir='ltr'><strong><em>τῆς</em></strong></span> <span class='ocrx_word' id='word_1_300' title='bbox 2678 3361 2967 3437; x_wconf 90' lang='grc' dir='ltr'><strong><em>ἀναστά-</em></strong></span> <span class='ocrx_word' id='word_1_301' title='bbox 3000 3376 3065 3429; x_wconf 82' lang='grc'><strong><em>11</em></strong></span> 
     </span>
     <span class='ocr_line' id='line_1_30' title="bbox 341 3464 2974 3554; baseline 0 -19"><span class='ocrx_word' id='word_1_302' title='bbox 341 3488 536 3551; x_wconf 88' lang='grc' dir='ltr'><strong><em>σεως,</em></strong></span> <span class='ocrx_word' id='word_1_303' title='bbox 604 3464 731 3537; x_wconf 88' lang='grc' dir='ltr'><strong><em>τὸν</em></strong></span> <span class='ocrx_word' id='word_1_304' title='bbox 793 3470 916 3554; x_wconf 92' lang='grc' dir='ltr'><strong><em>τῆς</em></strong></span> <span class='ocrx_word' id='word_1_305' title='bbox 974 3468 1264 3537; x_wconf 81' lang='grc' dir='ltr'><strong><em>αἰωνίου</em></strong></span> <span class='ocrx_word' id='word_1_306' title='bbox 1326 3469 1504 3553; x_wconf 76' lang='grc' dir='ltr'><strong><em>ζωῆς</em></strong></span> <span class='ocrx_word' id='word_1_307' title='bbox 1565 3482 1710 3545; x_wconf 89' lang='grc' dir='ltr'><strong><em>τοῖς</em></strong></span> <span class='ocrx_word' id='word_1_308' title='bbox 1769 3470 1977 3536; x_wconf 82' lang='grc' dir='ltr'><strong><em>πᾶσιν</em></strong></span> <span class='ocrx_word' id='word_1_309' title='bbox 2036 3468 2287 3547; x_wconf 74' lang='grc' dir='ltr'><strong><em>αἴτιον,</em></strong></span> <span class='ocrx_word' id='word_1_310' title='bbox 2362 3466 2789 3533; x_wconf 87' lang='grc' dir='ltr'><strong><em>ἐκπεσεῖσθαι</em></strong></span> <span class='ocrx_word' id='word_1_311' title='bbox 2852 3470 2974 3551; x_wconf 89' lang='grc' dir='ltr'><strong><em>τῆς</em></strong></span> 
     </span>
    </p>

    <p class='ocr_par' dir='ltr' id='par_1_8' title="bbox 245 3558 2975 4051">
     <span class='ocr_line' id='line_1_31' title="bbox 245 3558 2973 3653; baseline -0.001 -18"><span class='ocrx_word' id='word_1_312' title='bbox 245 3582 308 3634; x_wconf 83' lang='grc'><strong><em>30</em></strong></span> <span class='ocrx_word' id='word_1_313' title='bbox 341 3572 676 3647; x_wconf 87' lang='grc' dir='ltr'><strong><em>βασιλείας</em></strong></span> <span class='ocrx_word' id='word_1_314' title='bbox 719 3560 802 3636; x_wconf 87' lang='grc' dir='ltr'><strong><em>ού</em></strong></span> <span class='ocrx_word' id='word_1_315' title='bbox 844 3561 1078 3653; x_wconf 89' lang='grc' dir='ltr'><strong><em>μόνον,</em></strong></span> <span class='ocrx_word' id='word_1_316' title='bbox 1125 3560 1301 3636; x_wconf 84' lang='grc' dir='ltr'><strong><em>ἀλλὰ</em></strong></span> <span class='ocrx_word' id='word_1_317' title='bbox 1343 3569 1452 3633; x_wconf 88' lang='grc' dir='ltr'><strong><em>καὶ</em></strong></span> <span class='ocrx_word' id='word_1_318' title='bbox 1498 3560 1708 3651; x_wconf 86' lang='grc' dir='ltr'><strong><em>αύτῆς</em></strong></span> <span class='ocrx_word' id='word_1_319' title='bbox 1751 3570 1877 3653; x_wconf 89' lang='grc' dir='ltr'><strong><em>τῆς</em></strong></span> <span class='ocrx_word' id='word_1_320' title='bbox 1911 3569 2091 3653; x_wconf 76' lang='grc' dir='ltr'><strong><em>ζωῆς</em></strong></span> <span class='ocrx_word' id='word_1_321' title='bbox 2120 3558 2697 3652; x_wconf 87' lang='grc' dir='ltr'><strong><em>ἀποφαινόμενος·</em></strong></span> <span class='ocrx_word' id='word_1_322' title='bbox 2742 3559 2973 3651; x_wconf 75' lang='grc' dir='ltr'><strong><em>ὥσπερ</em></strong></span> 
     </span>
     <span class='ocr_line' id='line_1_32' title="bbox 344 3658 2973 3754; baseline 0 -22"><span class='ocrx_word' id='word_1_323' title='bbox 344 3660 428 3733; x_wconf 79' lang='grc' dir='ltr'><strong><em>ἂν</em></strong></span> <span class='ocrx_word' id='word_1_324' title='bbox 471 3668 532 3735; x_wconf 76' lang='grc' dir='ltr'><strong><em>εἲ</em></strong></span> <span class='ocrx_word' id='word_1_325' title='bbox 575 3692 682 3747; x_wconf 86' lang='grc' dir='ltr'><strong><em>τις</em></strong></span> <span class='ocrx_word' id='word_1_326' title='bbox 728 3659 1132 3752; x_wconf 76' lang='grc' dir='ltr'><strong><em>ὀφθαλμοὺς</em></strong></span> <span class='ocrx_word' id='word_1_327' title='bbox 1174 3668 1300 3752; x_wconf 77' lang='grc' dir='ltr'><strong><em>μὲν</em></strong></span> <span class='ocrx_word' id='word_1_328' title='bbox 1343 3668 1463 3754; x_wconf 80' lang='grc' dir='ltr'><strong><em>δῷ,</em></strong></span> <span class='ocrx_word' id='word_1_329' title='bbox 1509 3670 1662 3751; x_wconf 84' lang='grc' dir='ltr'><strong><em>φῶς</em></strong></span> <span class='ocrx_word' id='word_1_330' title='bbox 1706 3668 1778 3734; x_wconf 81' lang='grc' dir='ltr'><strong><em>δὲ</em></strong></span> <span class='ocrx_word' id='word_1_331' title='bbox 1825 3662 1909 3735; x_wconf 82' lang='grc' dir='ltr'><strong><em>τὸ</em></strong></span> <span class='ocrx_word' id='word_1_332' title='bbox 1956 3669 2080 3753; x_wconf 89' lang='grc' dir='ltr'><strong><em>τῆς</em></strong></span> <span class='ocrx_word' id='word_1_333' title='bbox 2110 3662 2386 3735; x_wconf 87' lang='grc' dir='ltr'><strong><em>τούτων</em></strong></span> <span class='ocrx_word' id='word_1_334' title='bbox 2412 3660 2710 3751; x_wconf 86' lang='grc' dir='ltr'><strong><em>χορηγὸν</em></strong></span> <span class='ocrx_word' id='word_1_335' title='bbox 2738 3658 2973 3751; x_wconf 84' lang='grc' dir='ltr'><strong><em>ἐκλάμ-</em></strong></span> 
     </span>
     <span class='ocr_line' id='line_1_33' title="bbox 343 3754 2974 3851; baseline -0.001 -17"><span class='ocrx_word' id='word_1_336' title='bbox 343 3784 530 3847; x_wconf 78' lang='grc' dir='ltr'><strong><em>ψεως</em></strong></span> <span class='ocrx_word' id='word_1_337' title='bbox 577 3758 828 3836; x_wconf 84' lang='grc' dir='ltr'><strong><em>ἀνέλοι.</em></strong></span> <span class='ocrx_word' id='word_1_338' title='bbox 916 3771 1027 3833; x_wconf 87' lang='grc' dir='ltr'><strong><em>καὶ</em></strong></span> <span class='ocrx_word' id='word_1_339' title='bbox 1066 3755 1224 3833; x_wconf 78' lang='grc' dir='ltr'><strong><em>οὔτε</em></strong></span> <span class='ocrx_word' id='word_1_340' title='bbox 1271 3758 1310 3833; x_wconf 92' lang='lat'><strong><em>6</em></strong></span> <span class='ocrx_word' id='word_1_341' title='bbox 1355 3769 1686 3846; x_wconf 89' lang='grc' dir='ltr'><strong><em>τοσοῦτος</em></strong></span> <span class='ocrx_word' id='word_1_342' title='bbox 1741 3770 1870 3834; x_wconf 86' lang='grc' dir='ltr'><strong><em>τοῦ</em></strong></span> <span class='ocrx_word' id='word_1_343' title='bbox 1911 3769 2084 3834; x_wconf 88' lang='grc' dir='ltr'><strong><em>θεοῦ</em></strong></span> <span class='ocrx_word' id='word_1_344' title='bbox 2136 3761 2419 3849; x_wconf 79' lang='grc' dir='ltr'><strong><em>ἄγγελος</em></strong></span> <span class='ocrx_word' id='word_1_345' title='bbox 2465 3759 2759 3851; x_wconf 84' lang='grc' dir='ltr'><strong><em>Γαβριὴλ</em></strong></span> <span class='ocrx_word' id='word_1_346' title='bbox 2814 3754 2974 3833; x_wconf 79' lang='grc' dir='ltr'><strong><em>οὔτε</em></strong></span> 
     </span>
     <span class='ocr_line' id='line_1_34' title="bbox 345 3854 2975 3953; baseline -0 -21"><span class='ocrx_word' id='word_1_347' title='bbox 345 3856 382 3932; x_wconf 92' lang='lat'><strong><em>6</em></strong></span> <span class='ocrx_word' id='word_1_348' title='bbox 425 3868 632 3951; x_wconf 84' lang='grc' dir='ltr'><strong><em>μέγας</em></strong></span> <span class='ocrx_word' id='word_1_349' title='bbox 672 3860 1035 3953; x_wconf 85' lang='grc' dir='ltr'><strong><em>προφήτης</em></strong></span> <span class='ocrx_word' id='word_1_350' title='bbox 1074 3860 1345 3952; x_wconf 89' lang='grc' dir='ltr'><strong><em>Δανιήλ,</em></strong></span> <span class='ocrx_word' id='word_1_351' title='bbox 1391 3870 1542 3951; x_wconf 86' lang='grc' dir='ltr'><strong><em>περὶ</em></strong></span> <span class='ocrx_word' id='word_1_352' title='bbox 1587 3854 1667 3935; x_wconf 79' lang='grc' dir='ltr'><strong><em>οὗ</em></strong></span> <span class='ocrx_word' id='word_1_353' title='bbox 1712 3865 1958 3952; x_wconf 79' lang='grc' dir='ltr'><strong><em>ἐλέχθη</em></strong></span> <span class='ocrx_word' id='word_1_354' title='bbox 2006 3862 2130 3953; x_wconf 77' lang='grc' dir='ltr'><strong><em>»μὴ</em></strong></span> <span class='ocrx_word' id='word_1_355' title='bbox 2174 3862 2255 3932; x_wconf 80' lang='grc' dir='ltr'>σύ</span> <span class='ocrx_word' id='word_1_356' title='bbox 2307 3859 2703 3949; x_wconf 79' lang='grc' dir='ltr'><strong><em>σοφώτερος</em></strong></span> <span class='ocrx_word' id='word_1_357' title='bbox 2746 3860 2809 3933; x_wconf 85' lang='grc' dir='ltr'><strong><em>εἱ</em></strong></span> <span class='ocrx_word' id='word_1_358' title='bbox 2847 3866 2975 3933; x_wconf 88' lang='grc' dir='ltr'><strong><em>τοῦ</em></strong></span> 
     </span>
     <span class='ocr_line' id='line_1_35' title="bbox 348 3954 2975 4051; baseline 0 -20"><span class='ocrx_word' id='word_1_359' title='bbox 348 3959 664 4051; x_wconf 76' lang='grc' dir='ltr'><strong><em>Δανιήλ;«</em></strong></span> <span class='ocrx_word' id='word_1_360' title='bbox 732 3955 891 4034; x_wconf 80' lang='grc' dir='ltr'><strong><em>οὔτε</em></strong></span> <span class='ocrx_word' id='word_1_361' title='bbox 955 3957 992 4034; x_wconf 91' lang='lat'><strong><em>6</em></strong></span> <span class='ocrx_word' id='word_1_362' title='bbox 1057 3968 1390 4045; x_wconf 87' lang='grc' dir='ltr'><strong><em>τοσοῦτος</em></strong></span> <span class='ocrx_word' id='word_1_363' title='bbox 1445 3957 1709 4044; x_wconf 80' lang='grc' dir='ltr'><strong><em>Ἡσαΐας</em></strong></span> <span class='ocrx_word' id='word_1_364' title='bbox 1772 3954 1928 4033; x_wconf 76' lang='grc' dir='ltr'><strong><em>οὔθ’</em></strong></span> <span class='ocrx_word' id='word_1_365' title='bbox 1992 3956 2032 4033; x_wconf 93' lang='lat'><strong><em>6</em></strong></span> <span class='ocrx_word' id='word_1_366' title='bbox 2078 3960 2319 4044; x_wconf 82' lang='grc' dir='ltr'><strong><em>λοιπὸς</em></strong></span> <span class='ocrx_word' id='word_1_367' title='bbox 2380 3968 2528 4032; x_wconf 83' lang='grc' dir='ltr'><strong><em>τῶν</em></strong></span> <span class='ocrx_word' id='word_1_368' title='bbox 2586 3966 2975 4050; x_wconf 81' lang='grc' dir='ltr'><strong><em>προφητῶν</em></strong></span> 
     </span>
    </p>

    <p class='ocr_par' dir='ltr' id='par_1_9' title="bbox 247 4052 3075 4152">
     <span class='ocr_line' id='line_1_36' title="bbox 247 4052 3075 4152; baseline -0.001 -19"><span class='ocrx_word' id='word_1_369' title='bbox 247 4080 312 4133; x_wconf 81' lang='lat'><strong><em>35</em></strong></span> <span class='ocrx_word' id='word_1_370' title='bbox 345 4061 546 4150; x_wconf 85' lang='grc' dir='ltr'><strong><em>χορὸς</em></strong></span> <span class='ocrx_word' id='word_1_371' title='bbox 593 4066 878 4133; x_wconf 88' lang='grc' dir='ltr'><strong><em>τοιαῦτα</em></strong></span> <span class='ocrx_word' id='word_1_372' title='bbox 930 4061 1018 4152; x_wconf 87' lang='grc' dir='ltr'><strong><em>μὴ</em></strong></span> <span class='ocrx_word' id='word_1_373' title='bbox 1082 4058 1369 4151; x_wconf 88' lang='grc' dir='ltr'><strong><em>γράφειν</em></strong></span> <span class='ocrx_word' id='word_1_374' title='bbox 1425 4066 1592 4151; x_wconf 78' lang='grc' dir='ltr'><strong><em>μηδὲ</em></strong></span> <span class='ocrx_word' id='word_1_375' title='bbox 1657 4080 1941 4150; x_wconf 90' lang='grc' dir='ltr'><strong><em>φρονεῖν</em></strong></span> <span class='ocrx_word' id='word_1_376' title='bbox 2002 4058 2130 4133; x_wconf 84' lang='grc' dir='ltr'><strong><em>τὸν</em></strong></span> <span class='ocrx_word' id='word_1_377' title='bbox 2190 4059 2403 4150; x_wconf 80' lang='grc' dir='ltr'><strong><em>ἄνδρα</em></strong></span> <span class='ocrx_word' id='word_1_378' title='bbox 2460 4060 2763 4147; x_wconf 76' lang='grc' dir='ltr'><strong><em>ἔπεισαν,</em></strong></span> <span class='ocrx_word' id='word_1_379' title='bbox 2826 4052 2971 4131; x_wconf 76' lang='grc' dir='ltr'><strong><em>οὔτ’</em></strong></span> <span class='ocrx_word' id='word_1_380' title='bbox 3008 4067 3075 4123; x_wconf 80' lang='lat'><strong><em>12</em></strong></span> 
     </span>
    </p>
   </div>
   <div class='ocr_carea' id='block_1_3' title="bbox 453 4278 2969 4371">
    <p class='ocr_par' dir='ltr' id='par_1_10' title="bbox 453 4278 2969 4371">
     <span class='ocr_line' id='line_1_37' title="bbox 453 4278 2969 4371; baseline -0.001 -34"><span class='ocrx_word' id='word_1_381' title='bbox 453 4366 458 4371; x_wconf 24' lang='grc' dir='ltr'>ι</span> <span class='ocrx_word' id='word_1_382' title='bbox 519 4282 558 4337; x_wconf 73' lang='grc'>6</span> <span class='ocrx_word' id='word_1_383' title='bbox 592 4280 732 4336; x_wconf 83' lang='lat' dir='ltr'><strong>Luk.</strong></span> <span class='ocrx_word' id='word_1_384' title='bbox 751 4284 798 4345; x_wconf 86' lang='lat'><strong><em>1,</em></strong></span> <span class='ocrx_word' id='word_1_385' title='bbox 817 4283 884 4337; x_wconf 85' lang='lat'><strong><em>33</em></strong></span> <span class='ocrx_word' id='word_1_386' title='bbox 902 4310 969 4319; x_wconf 89' lang='lat'><strong>—</strong></span> <span class='ocrx_word' id='word_1_387' title='bbox 991 4282 1068 4337; x_wconf 81' lang='lat'><strong><em>21</em></strong></span> <span class='ocrx_word' id='word_1_388' title='bbox 1107 4280 1269 4336; x_wconf 79' lang='lat' dir='ltr'><strong>Hebr.</strong></span> <span class='ocrx_word' id='word_1_389' title='bbox 1289 4286 1339 4353; x_wconf 85' lang='lat'><strong><em>4,</em></strong></span> <span class='ocrx_word' id='word_1_390' title='bbox 1360 4287 1426 4339; x_wconf 88' lang='lat'><strong><em>14</em></strong></span> <span class='ocrx_word' id='word_1_391' title='bbox 1449 4310 1515 4321; x_wconf 90' lang='lat'>—</span> <span class='ocrx_word' id='word_1_392' title='bbox 1536 4281 1618 4338; x_wconf 77' lang='grc'><strong><em>28</em></strong></span> <span class='ocrx_word' id='word_1_393' title='bbox 1651 4282 1764 4353; x_wconf 81' lang='lat' dir='ltr'>vgl.</span> <span class='ocrx_word' id='word_1_394' title='bbox 1790 4282 1885 4337; x_wconf 87' lang='lat' dir='ltr'><strong><em>Nr.</em></strong></span> <span class='ocrx_word' id='word_1_395' title='bbox 1904 4284 1971 4337; x_wconf 85' lang='lat'><strong><em>54</em></strong></span> <span class='ocrx_word' id='word_1_396' title='bbox 1990 4310 2057 4319; x_wconf 86' lang='lat'><strong><em>--</em></strong></span> <span class='ocrx_word' id='word_1_397' title='bbox 2075 4282 2153 4338; x_wconf 78' lang='lat'><strong><em>28</em></strong></span> <span class='ocrx_word' id='word_1_398' title='bbox 2179 4283 2300 4336; x_wconf 55' lang='lat' dir='ltr'><strong><em>Aet„</em></strong></span> <span class='ocrx_word' id='word_1_399' title='bbox 2318 4282 2368 4348; x_wconf 86' lang='lat'><strong><em>3,</em></strong></span> <span class='ocrx_word' id='word_1_400' title='bbox 2389 4280 2495 4337; x_wconf 75' lang='lat'><strong><em>15⁸?</em></strong></span> <span class='ocrx_word' id='word_1_401' title='bbox 2518 4309 2585 4319; x_wconf 90' lang='lat'><em>-</em></span> <span class='ocrx_word' id='word_1_402' title='bbox 2609 4280 2689 4336; x_wconf 88' lang='grc'><strong><em>88</em></strong></span> <span class='ocrx_word' id='word_1_403' title='bbox 2722 4278 2815 4335; x_wconf 84' lang='lat' dir='ltr'><strong><em>Ez.</em></strong></span> <span class='ocrx_word' id='word_1_404' title='bbox 2836 4280 2918 4348; x_wconf 82' lang='lat'><strong><em>28,</em></strong></span> <span class='ocrx_word' id='word_1_405' title='bbox 2938 4282 2969 4335; x_wconf 90' lang='lat'><strong>3</strong></span> 
     </span>
    </p>
   </div>
   <div class='ocr_carea' id='block_1_4' title="bbox 359 4476 2975 4657">
    <p class='ocr_par' dir='ltr' id='par_1_11' title="bbox 359 4476 2975 4657">
     <span class='ocr_line' id='line_1_38' title="bbox 533 4476 2967 4557; baseline -0.002 -20"><span class='ocrx_word' id='word_1_406' title='bbox 533 4482 566 4537; x_wconf 93' lang='lat'>1</span> <span class='ocrx_word' id='word_1_407' title='bbox 623 4478 872 4555; x_wconf 81' lang='grc' dir='ltr'><strong><em>εἰρήνην]</em></strong></span> <span class='ocrx_word' id='word_1_408' title='bbox 923 4490 990 4549; x_wconf 84' lang='grc' dir='ltr'><strong><em>-Ι-</em></strong></span> <span class='ocrx_word' id='word_1_409' title='bbox 1041 4484 1137 4540; x_wconf 79' lang='grc' dir='ltr'><strong><em>ἐπὶ</em></strong></span> <span class='ocrx_word' id='word_1_410' title='bbox 1171 4484 1302 4549; x_wconf 76' lang='grc' dir='ltr'><strong><em>τοὺς</em></strong></span> <span class='ocrx_word' id='word_1_411' title='bbox 1336 4478 1622 4557; x_wconf 81' lang='grc' dir='ltr'><strong><em>ἄρχοντας</em></strong></span> <span class='ocrx_word' id='word_1_412' title='bbox 1664 4480 1820 4539; x_wconf 81' lang='lat' dir='ltr'><strong><em>Lxx</em></strong></span> <span class='ocrx_word' id='word_1_413' title='bbox 1872 4485 1881 4551; x_wconf 99' lang='grc' dir='ltr'>Ι</span> <span class='ocrx_word' id='word_1_414' title='bbox 1933 4484 2005 4539; x_wconf 88' lang='grc'><strong><em>10</em></strong></span> <span class='ocrx_word' id='word_1_415' title='bbox 2036 4489 2139 4539; x_wconf 85' lang='grc' dir='ltr'><strong><em>τοῦ</em></strong></span> <span class='ocrx_word' id='word_1_416' title='bbox 2171 4485 2317 4538; x_wconf 85' lang='grc' dir='ltr'><strong><em>θεοῦ</em></strong></span> <span class='ocrx_word' id='word_1_417' title='bbox 2350 4487 2451 4536; x_wconf 86' lang='grc' dir='ltr'><strong><em>τοῦ</em></strong></span> <span class='ocrx_word' id='word_1_418' title='bbox 2485 4476 2610 4535; x_wconf 82' lang='grc' dir='ltr'><strong><em>υἱοῦ</em></strong></span> <span class='ocrx_word' id='word_1_419' title='bbox 2647 4480 2711 4545; x_wconf 76' lang='lat' dir='ltr'><strong><em>V,</em></strong></span> <span class='ocrx_word' id='word_1_420' title='bbox 2746 4499 2817 4530; x_wconf 70' lang='grc' dir='ltr'>ω</span> <span class='ocrx_word' id='word_1_421' title='bbox 2852 4480 2926 4533; x_wconf 88' lang='lat' dir='ltr'><strong><em>Kl</em></strong></span> <span class='ocrx_word' id='word_1_422' title='bbox 2962 4523 2967 4545; x_wconf 84' lang='lat'><strong><em>‚</em></strong></span> 
     </span>
     <span class='ocr_line' id='line_1_39' title="bbox 359 4578 2975 4657; baseline 0.001 -21"><span class='ocrx_word' id='word_1_423' title='bbox 359 4581 433 4637; x_wconf 89' lang='lat'><strong><em>11</em></strong></span> <span class='ocrx_word' id='word_1_424' title='bbox 473 4582 552 4651; x_wconf 80' lang='grc' dir='ltr'><strong><em>μὴ</em></strong></span> <span class='ocrx_word' id='word_1_425' title='bbox 591 4583 667 4636; x_wconf 86' lang='lat' dir='ltr'><strong><em>V¹</em></strong></span> <span class='ocrx_word' id='word_1_426' title='bbox 703 4584 793 4638; x_wconf 80' lang='lat' dir='ltr'><strong><em>fib.</em></strong></span> <span class='ocrx_word' id='word_1_427' title='bbox 833 4583 882 4639; x_wconf 91' lang='lat' dir='ltr'><strong><em>d.</em></strong></span> <span class='ocrx_word' id='word_1_428' title='bbox 921 4586 974 4639; x_wconf 92' lang='lat' dir='ltr'><strong><em>Z.</em></strong></span> <span class='ocrx_word' id='word_1_429' title='bbox 1029 4586 1038 4654; x_wconf 92' lang='grc' dir='ltr'>Ι</span> <span class='ocrx_word' id='word_1_430' title='bbox 1096 4586 1172 4641; x_wconf 77' lang='grc'><strong><em>12</em></strong></span> <span class='ocrx_word' id='word_1_431' title='bbox 1209 4578 1356 4643; x_wconf 71' lang='grc' dir='ltr'><strong><em>εἶναι</em></strong></span> <span class='ocrx_word' id='word_1_432' title='bbox 1390 4585 1464 4639; x_wconf 86' lang='lat' dir='ltr'><strong><em>Kl</em></strong></span> <span class='ocrx_word' id='word_1_433' title='bbox 1498 4578 1600 4641; x_wconf 70' lang='grc' dir='ltr'><strong><em>ἕνα</em></strong></span> <span class='ocrx_word' id='word_1_434' title='bbox 1635 4586 1686 4639; x_wconf 91' lang='lat' dir='ltr'><strong>V</strong></span> <span class='ocrx_word' id='word_1_435' title='bbox 1739 4586 1748 4652; x_wconf 87' lang='grc' dir='ltr'>Ι</span> <span class='ocrx_word' id='word_1_436' title='bbox 1804 4585 1882 4643; x_wconf 85' lang='grc'><strong><em>18</em></strong></span> <span class='ocrx_word' id='word_1_437' title='bbox 1918 4580 2149 4657; x_wconf 76' lang='grc' dir='ltr'><strong><em>ἀναιρεῖ</em></strong></span> <span class='ocrx_word' id='word_1_438' title='bbox 2174 4584 2252 4637; x_wconf 80' lang='lat' dir='ltr'><strong><em>V²</em></strong></span> <span class='ocrx_word' id='word_1_439' title='bbox 2285 4580 2443 4653; x_wconf 82' lang='grc' dir='ltr'><strong><em>αἰρεῖ</em></strong></span> <span class='ocrx_word' id='word_1_440' title='bbox 2470 4581 2551 4635; x_wconf 75' lang='lat' dir='ltr'><strong><em>V*</em></strong></span> <span class='ocrx_word' id='word_1_441' title='bbox 2586 4581 2697 4651; x_wconf 81' lang='lat' dir='ltr'>vgl.</span> <span class='ocrx_word' id='word_1_442' title='bbox 2734 4582 2975 4638; x_wconf 85' lang='lat' dir='ltr'>S.100.8</span> 
     </span>
    </p>
   </div>
   <div class='ocr_carea' id='block_1_5' title="bbox 361 4678 2535 4823">
    <p class='ocr_par' dir='ltr' id='par_1_12' title="bbox 361 4678 2535 4823">
     <span class='ocr_line' id='line_1_40' title="bbox 361 4678 2403 4761; baseline -0.001 -23"><span class='ocrx_word' id='word_1_443' title='bbox 361 4682 368 4749; x_wconf 88' lang='lat'>!</span> <span class='ocrx_word' id='word_1_444' title='bbox 438 4684 518 4739; x_wconf 70' lang='lat'><strong><em>19</em></strong></span> <span class='ocrx_word' id='word_1_445' title='bbox 549 4700 612 4740; x_wconf 88' lang='grc' dir='ltr'><strong><em>τε</em></strong></span> <span class='ocrx_word' id='word_1_446' title='bbox 649 4683 810 4738; x_wconf 78' lang='lat' dir='ltr'><strong>Zahn</strong></span> <span class='ocrx_word' id='word_1_447' title='bbox 861 4686 870 4753; x_wconf 90' lang='grc' dir='ltr'>Ι</span> <span class='ocrx_word' id='word_1_448' title='bbox 922 4686 1324 4761; x_wconf 66' lang='grc' dir='ltr'><strong><em>θυσιαστηρίῳ]</em></strong></span> <span class='ocrx_word' id='word_1_449' title='bbox 1361 4693 1429 4751; x_wconf 83' lang='grc' dir='ltr'><strong><em>-Ι-</em></strong></span> <span class='ocrx_word' id='word_1_450' title='bbox 1463 4688 1561 4741; x_wconf 83' lang='grc' dir='ltr'><strong><em>καὶ</em></strong></span> <span class='ocrx_word' id='word_1_451' title='bbox 1595 4687 1673 4741; x_wconf 83' lang='lat' dir='ltr'><strong><em>V²</em></strong></span> <span class='ocrx_word' id='word_1_452' title='bbox 1723 4689 1732 4755; x_wconf 96' lang='grc' dir='ltr'>Ι</span> <span class='ocrx_word' id='word_1_453' title='bbox 1787 4686 1869 4742; x_wconf 80' lang='grc'><strong><em>85</em></strong></span> <span class='ocrx_word' id='word_1_454' title='bbox 1904 4678 2024 4742; x_wconf 77' lang='grc' dir='ltr'><strong><em>οὐδ’</em></strong></span> <span class='ocrx_word' id='word_1_455' title='bbox 2056 4686 2121 4749; x_wconf 89' lang='lat' dir='ltr'><strong><em>V,</em></strong></span> <span class='ocrx_word' id='word_1_456' title='bbox 2158 4702 2295 4740; x_wconf 82' lang='lat' dir='ltr'>corr.</span> <span class='ocrx_word' id='word_1_457' title='bbox 2329 4682 2403 4736; x_wconf 86' lang='lat' dir='ltr'><strong><em>Kl</em></strong></span> 
     </span>
     <span class='ocr_line' id='line_1_41' title="bbox 513 4768 2535 4823; baseline 0.004 -9"><span class='ocrx_word' id='word_1_458' title='bbox 513 4768 752 4815; x_wconf 73' lang='lat' dir='ltr'><strong><em>Eusebius</em></strong></span> <span class='ocrx_word' id='word_1_459' title='bbox 777 4768 860 4818; x_wconf 75' lang='lat' dir='ltr'><strong><em>lv,</em></strong></span> <span class='ocrx_word' id='word_1_460' title='bbox 2502 4768 2535 4823; x_wconf 85' lang='lat'><strong>3</strong></span> 
     </span>
    </p>
   </div>
  </div>
 </body>
</html>
