3694 5582
633 508 746 568 172
1801 501 2071 557 Eusebius

626 659 954 753 ὑποταγῇ,
1001 658 1160 735 τότε
1203 670 1313 734 καὶ
1359 659 1566 747 αὐτὸς
1610 658 1650 735 6
1693 661 1838 746 υἱὸς
1880 660 2385 753 ὖποταγήσεται
2441 668 2541 752 τῶ
2586 658 3012 749 ὑποτάξαντι
3054 656 3242 749 αὐτῷ

627 763 711 834 τὰ
753 762 1001 846 πάντα,
1047 766 1158 833 ἵνα
1204 756 1243 852 ᾖ
1291 757 1330 835 6
1375 761 1536 846 θεὸς
1579 762 1669 835 τὰ
1709 761 1941 835 πάντα
1984 767 2059 835 ἐν
2102 768 2366 834 πᾶσινι.
2450 764 2597 833 εἶτα
2640 767 2767 833 τοῦ
2808 768 2931 851 μὲν
2982 759 3244 833 »πάντα
3278 772 3313 826 2

627 866 698 933 ἓν
741 870 982 935 πᾶσιν(
1034 859 1159 934 οὖκ
1203 858 1454 934 ἀκούει·
1503 859 1586 933 06
1629 860 1752 951 γὰρ
1795 866 1871 933 ἐν
1916 868 2019 951 τῷ
2062 866 2190 953 υἱῷ
2236 887 2445 949 φησιν
2493 860 2618 932 »τὰ
2660 858 2927 933 πάντα(
2978 863 3247 931 ἔσεσθαι

627 962 754 1035 τὸν
797 959 984 1047 θεόν,
1031 957 1177 1033 ἀλλ’
1230 966 1342 1032 »ἐν
1384 967 1658 1034 πᾶσινι·
1735 987 1901 1048 οπερ
1944 968 2213 1051 μᾶλλον
2266 966 2494 1048 ἔδοξεν
2548 958 2635 1031 ἂν
2678 956 3051 1048 συνάφειάν
3094 986 3249 1029 τινα

556 1074 588 1127 5
623 1060 911 1134 πάντων
969 1068 1080 1133 καὶ
1144 1062 1391 1133 ἕνωσιν
1449 1066 1824 1151 σημαίνειν,
1889 1065 1947 1133 εἰ
2002 1060 2233 1133 πάντα
2291 1069 2531 1150 μέλλοι
2593 1056 2632 1132 6
2688 1058 2851 1141 θεὸς
2904 1063 2977 1131 ἐν
3036 1064 3247 1131 πᾶσιν

625 1164 812 1233 εἶναι.
898 1159 1028 1250 τὴν
1071 1156 1138 1228 δ’
1169 1150 1542 1251 ὑποταγὴν
1585 1167 1714 1232 τοῦ
1749 1164 1902 1233 υἱοῦ
1946 1162 2260 1233 ἕνωσινς
2236 1159 2583 1251 ερμηνεύει
2625 1166 2753 1233 τοῦ
2796 1156 3031 1248 λόγου,
3096 1168 3107 1241 Ι
3172 1159 3247 1228 ἓν
3284 1175 3407 1231 184

623 1270 735 1332 καὶ
778 1258 1036 1332 ταύτὸν
1080 1267 1532 1350 γενησομένου
1573 1268 1676 1351 τῷ
1707 1268 1915 1350 πατρὶ
1944 1258 2102 1333 καθ’
2150 1258 2193 1331 ἃ
2236 1268 2343 1333 καὶ
2375 1258 2717 1350 πρότερον
2759 1250 2865 1348 ἦν,
2910 1255 3007 1341 ῶς
3036 1254 3244 1341 αὐτὸς

625 1364 772 1448 ἔφη.
859 1366 918 1432 εί
961 1367 1194 1432 τοίνυν
1242 1362 1486 1431 ἕνωσιν
1537 1360 1712 1433 εἶναι
1766 1360 1895 1449 τὴν
1952 1357 2311 1451 ὑποταγὴν
2370 1360 2501 1450 τὴν
2558 1357 2734 1447 πρὸς
2798 1356 2923 1430 τὸν
2980 1363 3245 1444 πατέρα
3278 1376 3312 1430 3

626 1455 940 1547 ὁρίζεται,
985 1455 1382 1532 ἀκόλουθον
1427 1490 1513 1531 αν
1541 1466 1644 1551 εἴη
1687 1468 1798 1530 καὶ
1843 1458 1975 1549 τὴν
2016 1458 2310 1533 πάντων
2352 1458 2525 1549 πρὸς
2555 1458 2683 1530 τὸν
2712 1458 2865 1531 υἱὸν
2890 1454 3245 1545 ὑποταγὴν

523 1576 588 1631 10
626 1560 755 1650 τὴν
797 1555 1014 1649 αὐτὴν
1055 1558 1230 1646 πρὸς
1273 1557 1486 1632 αὐτὸν
1533 1562 1777 1631 ἕνωσιν
1829 1570 2201 1649 σημαίνειν,
2264 1558 2361 1643 ῶς
2419 1554 2651 1649 μηκέτ’
2698 1560 2867 1629 εἶναι
2928 1556 3054 1629 τὸν
3096 1554 3245 1629 υἱὸν

625 1655 784 1731 καθ’
830 1657 1076 1731 ἑαυτὸν
1115 1664 1280 1748 μηδὲ
1342 1658 1428 1730 τὰ
1487 1656 2049 1749 ὖποταγησόμενα
2102 1656 2289 1749 αὐτῷ
2342 1657 2583 1749 πλήθη
2639 1664 2788 1729 τῶν
2839 1664 3248 1748 σῳζομένων

625 1765 804 1831 ἰδίαν
849 1756 1164 1848 ζήσεσθαι
1211 1755 1414 1849 ζωήν,
1460 1758 1888 1849 συναλοιφὴν
1916 1766 1993 1831 δέ
2019 1788 2175 1831 τινα
2202 1768 2315 1831 καὶ
2358 1758 2670 1848 σύγχυσιν
2708 1766 3057 1848 γίγνεσθαι
3100 1762 3247 1827 τῶν

626 1854 846 1943 ὅλων,
905 1860 978 1929 ἓν
1029 1865 1141 1929 καὶ
1195 1855 1454 1931 ταύτὸν
1495 1864 1971 1948 γενησομένων
2014 1866 2140 1929 τοῦ
2182 1862 2333 1931 υἱοῦ
2374 1868 2488 1930 καὶ
2530 1865 2677 1930 τῶν
2721 1864 2991 1931 λοιπῶν
3034 1853 3245 1928 άπάν-

625 1986 790 2043 των,
835 1966 948 2029 καὶ
993 1954 1076 2029 οὔ
1115 1956 1336 2046 μόνον
1379 1954 1556 2029 ἀλλὰ
1597 1966 1709 2029 καὶ
1753 1954 1969 2030 αὐτοῦ
2012 1965 2138 2030 τοῦ
2180 1965 2365 2031 θεοῦ.
2452 1962 2508 2029 εἰ
2551 1958 2677 2046 γὰρ
2722 1956 2807 2029 τὰ
2850 1964 2974 2048 μὲν
3014 1953 3243 2029 πάντα
3274 1975 3312 2027 4

523 2074 589 2127 15
627 2064 726 2148 τῶ
772 2062 928 2149 υἱῷ,
973 2052 1012 2129 6
1057 2064 1128 2129 δὲ
1171 2056 1315 2140 υἱὸς
1357 2065 1459 2148 τῷ
1504 2065 1716 2147 πατρὶ
1758 2063 1873 2131 88’
1928 2061 2004 2128 ἐν
2048 2065 2151 2147 τῷ
2192 2053 2709 2131 ὑποτάττεσθαι
2752 2059 3053 2141 ἑνοῦται,
3116 2050 3243 2146 ὅρα

625 2167 693 2229 τί
737 2162 1078 2246 συμβαίνει
1129 2160 1204 2227 ἐκ
1265 2162 1393 2228 τοῦ
1454 2153 1678 2245 λόγου.
1763 2152 1912 2229 ἀλλ’
1977 2154 2208 2247 ὥσπερ
2267 2155 2389 2247 οὐχ
2452 2160 2696 2229 ἕνωσιν
2756 2153 2795 2228 6
2856 2154 3245 2239 ἀπόστολος
3276 2176 3311 2230 5

623 2254 868 2346 ἐδήλου
927 2263 1151 2345 λέγων
1211 2251 1766 2346 ὖποταγήσεσθαι
1827 2263 1929 2346 τῶ
1995 2260 2121 2345 υἱῷ
2187 2256 2309 2327 »τὰ
2369 2255 2665 2343 πάνται,
2740 2255 2911 2331 ἀλλὰ
2985 2256 3114 2346 τὴν
3173 2260 3243 2342 ἐξ

623 2352 1070 2429 αὖθεκουσίου
1111 2362 1566 2443 προαιρέσεως
1611 2352 1925 2445 ὖπακοὴν
1984 2364 2097 2427 καὶ
2149 2356 2279 2447 τὴν
2332 2354 2539 2443 δόξαν
2580 2363 2692 2428 καὶ
2736 2356 2866 2446 τὴν
2910 2355 3115 2445 τιμὴν
3156 2352 3243 2443 ἣν

625 2452 970 2527 ἀποδώσει
1013 2451 1202 2545 αὐτῷ
1247 2455 1337 2525 τὰ
1378 2452 1608 2526 πάντα
1659 2456 1770 2528 οἶα
1823 2462 2087 2545 σωτῆρι
2146 2462 2258 2527 καὶ
2318 2464 2575 2541 βασιλεῖ
2629 2462 2777 2527 τῶν
2836 2450 3053 2539 ὅλων,
3117 2452 3244 2525 τὸν

519 2574 588 2627 20
623 2552 837 2625 αὐτὸν
878 2551 1146 2641 τρόπον
1187 2562 1296 2626 καὶ
1344 2553 1427 2625 τὸ
1475 2551 1688 2627 αὐτὸν
1729 2550 2282 2644 ὖποταγήσεσθαι
2334 2562 2436 2645 τῷ
2489 2562 2699 2643 πατρὶ
2752 2552 2951 2627 οὐδὲν
3008 2556 3243 2643 ἕτερον

623 2662 934 2743 σημαίνοι
998 2683 1084 2725 αν
1143 2650 1186 2743 ἢ
1240 2653 1370 2743 τὴν
1414 2649 1618 2740 δόξαν
1657 2661 1772 2725 καὶ
1813 2654 1943 2743 τὴν
1988 2654 2191 2746 τιμὴν
2232 2662 2345 2725 καὶ
2388 2653 2471 2727 τὸ
2516 2660 2709 2739 σέβας
2752 2652 2883 2744 τήν
2933 2683 3009 2724 τε
3052 2680 3242 2743 μεγα-

624 2760 1036 2844 λοπρέπειαν
1099 2752 1228 2844 τήν
1281 2782 1354 2825 τε
1399 2750 1851 2827 αὖθεκούσιον
1910 2751 2253 2844 ὑπακοήν,
2314 2752 2403 2844 ἣν
2460 2764 2573 2826 καὶ
2632 2752 2839 2837 αυτὸς
2898 2750 3243 2828 ἀποδώσει

628 2861 768 2945 »τῷ
815 2862 960 2944 θεῷ
1005 2861 1116 2926 καὶ
1159 2863 1428 2943 πατρία,
1473 2853 1749 2925 ἐπειδὰν
1793 2855 1953 2938 τούς
1997 2852 2263 2938 πάντας
2306 2853 2533 2942 ἀξίους
2576 2861 2700 2944 τῆς
2728 2859 3062 2942 πατρικῆς
3090 2851 3241 2926 θεό·

623 2983 836 3045 τητος
897 2955 1068 3026 εἶναι
1112 2952 1601 3045 παρασκευάσῃ.
1688 2960 1861 3036 τέως
1920 2961 2041 3044 μὲν
2096 2953 2256 3043 γάρ,
2304 2951 2400 3036 ῶς
2443 2984 2561 3026 οτε
2604 2951 2729 3026 οῦκ
2772 2954 2947 3040 ἄξιοι
2992 2952 3241 3042 ταύτης
3275 2982 3313 3036 6

521 3069 588 3124 25
623 3060 809 3140 εἰσίν,
874 3055 1246 3143 προλαβών
1291 3051 1498 3136 αὐτὸς
1541 3051 1651 3125 οἶά
1696 3083 1799 3136 τις
1841 3053 2076 3136 κοινὸς
2120 3051 2458 3126 ἁπάντων
2501 3054 2731 3144 σωτὴρ
2776 3053 3242 3144 διορθωτικὴν

622 3159 774 3226 τῶν
817 3150 1088 3226 ἀτελῶν
1139 3162 1253 3224 καὶ
1279 3152 1806 3273 uffepanevtcxv'yv
1868 3158 2017 3225 τῶν
2074 3161 2438 3241 θεραπείας
2500 3160 2869 3277 δεομένων
2900 3160 3244 3240 βασιλείαν

621 3251 952 3338 βασιλεύει
1015 3253 1175 3336 τούς
1228 3260 1352 3344 τῆς
1402 3260 1737 3340 βασιλείας
1788 3253 2077 3341 ἐχθροὺς
2128 3251 2413 3342 ὑπάγων
2466 3274 2611 3338 τοῖς
2657 3250 2869 3326 αυτοῦ
2906 3261 3135 3325 ποσίν·
3206 3245 3244 3322 ὃ

623 3352 704 3441 δὴ
759 3360 1165 3442 παρίστησιν
1217 3348 1256 3424 6
1302 3349 1590 3440 φάσκων
1647 3349 1917 3442 Ψαλμὸς
1983 3353 2207 3424 »εἶπεν
2268 3347 2307 3423 6
2358 3352 2591 3441 κύριος
2649 3361 2756 3444 τῷ
2816 3361 3030 3443 κυρίῳ
3089 3374 3243 3473 pto-v·

622 3449 848 3524 κάθου
890 3455 965 3522 ἐκ
1007 3456 1250 3538 δεξιῶν
1291 3478 1422 3541 μου
1477 3453 1604 3533 έως
1659 3480 1744 3522 αν
1787 3458 1903 3523 θῶ
1947 3451 2110 3534 τοὺς
2154 3450 2441 3542 ἐχθρούς
2494 3478 2617 3525 σου
2665 3451 3053 3526 ὗποπόδιον
3096 3459 3243 3523 τῶν

519 3565 586 3620 30
619 3558 864 3624 ποδῶν
894 3574 1077 3636 σουι,
1116 3545 1235 3622 ὅτε
1275 3555 1410 3639 (δὲ)
1443 3549 1603 3632 τοὺς
1644 3555 1767 3639 μὲν
1810 3552 2095 3641 ἐχθροὺς
2126 3549 2261 3624 ὑπὸ
2305 3550 2523 3636 πόδας
2566 3550 2781 3643 θήσει,
2827 3553 2989 3637 τοὺς
3018 3559 3089 3624 δὲ
3120 3557 3243 3640 τῆς
3282 3582 3313 3633 7

622 3649 836 3723 αὐτοῦ
893 3657 1226 3735 βασιλείας
1287 3647 1512 3736 ἀξίους
1564 3654 1639 3721 ἐν
1695 3646 2129 3741 ἀτελευτήτῳ
2176 3661 2317 3742 ζωῇ
2374 3651 2804 3742 καταστήσει,
2868 3658 3242 3744 τηνικαῦτα

623 3750 792 3839 [γὰρ]
837 3757 948 3821 καὶ
999 3745 1036 3821 6
1081 3747 1369 3821 πάντων
1413 3746 1660 3838 ἐχθρὸς
1701 3747 2013 3833 θάνατος
2062 3753 2409 3840 »εσχατοςι
2459 3751 3073 3844 καταργηθήσεται·
3124 3779 3244 3841 μη·

622 3848 816 3932 δενὸς
861 3849 987 3938 γὰρ
1031 3847 1462 3937 θνῄσκοντος
1515 3851 1642 3932 ἔτι,
1703 3852 1782 3919 ἐν
1833 3855 2096 3940 αἰωνίῳ
2152 3857 2223 3923 δὲ
2268 3859 2409 3940 ζωῇ
2454 3861 2867 3982 gnoope‘vmv„
2888 3848 3050 3924 τότε
3094 3856 3242 3921 τῶν

623 3957 744 4039 τῆς
788 3957 1125 4036 βασιλείας
1169 3946 1247 4034 6„
1221 3956 1397 4071 ξ,ίων
1444 3947 1570 4020 τὸν
1613 3945 1930 4020 θάνατον
1973 3948 2288 4072 ἀργήσειν
2330 3950 2510 4034 εἰκὸς
2550 3948 2781 4042 μηκέτ’
2836 3956 3082 4041 ἔχοντα
3122 3945 3242 4031 οὓς

519 4063 584 4118 35
623 4048 1108 4120 θανατῶσειεν.
1198 4040 1299 4118 ῶν
1354 4051 1486 4118 ῶδε
1539 4044 2135 4138 εὐτρεπισθέντων
2188 4059 2291 4142 τῷ
2342 4054 2470 4140 υἱῷ
2514 4056 2641 4124 τοῦ
2684 4058 2855 4125 θεοῦ
2898 4047 3243 4139 σωτήριον
3278 4077 3315 4132 8

794 4268 926 4324 21³1
961 4267 1090 4323 Kor.
1129 4269 1208 4334 15,
1245 4268 1312 4322 28
1347 4297 1412 4306 —-
1453 4268 1531 4323 71
1561 4269 1672 4339 vgl.
1708 4269 1801 4323 Nr.
1839 4271 1939 4326 108
1974 4300 2041 4311 -
2081 4271 2151 4327 17
2194 4273 2219 4326 1
2254 4273 2381 4328 Kor.
2420 4275 2500 4340 15,
2540 4275 2608 4330 28
2640 4302 2707 4313 —·
2746 4274 2826 4331 28
2860 4273 2887 4326 1
2922 4272 3049 4327 Kor.
3076 4273 3245 4338 15‚24

620 4400 684 4409 —-
727 4371 804 4427 28
841 4369 928 4423 Pe.
968 4371 1081 4434 109,
1119 4371 1146 4422 1
1185 4399 1252 4408 -
1289 4370 1368 4427 82
1405 4369 1432 4422 I
1467 4372 1598 4426 Kor.
1637 4374 1718 4434 15,
1754 4372 1821 4426 26

793 4571 868 4626 10
919 4572 1021 4640 τὴν
1057 4571 1249 4642 αὐτὴν]
1305 4571 1615 4642 tomi-cuv?
1651 4573 1768 4639 Mo3
1823 4577 1917 4629 stt.
1955 4569 2175 4644 at‘xcr'zv‘?
2228 4574 2333 4629 We
2396 4576 2405 4644 Ι
2469 4575 2548 4630 24
2596 4568 2677 4640 ὣς
2728 4569 2846 4644 ὅτε]
2902 4569 3065 4640 εἰδὼς
3116 4567 3246 4630 81⁸?

621 4673 726 4728 We
799 4676 806 4741 Ι
874 4673 952 4729 80
1005 4671 1064 4730 δὲ
1099 4673 1262 4730 Loofs
1285 4675 1335 4742 Ἰ
1403 4675 1481 4731 82
1517 4671 1632 4746 γὰρ
1669 4677 1768 4729 atr.
1803 4677 1879 4730 Kl
1914 4677 2049 4747 (vgl.
2086 4676 2199 4745 Mo)
2266 4679 2273 4745 Ι
2338 4673 2607 4747 ἐχθρῶνῗ
2640 4675 2733 4731 Mo
