3694 5582
1113 502 1184 556 do
1216 503 1586 558 eoeledasssioa
1616 503 1905 574 theologia.
1937 504 1963 556 I
1996 505 2079 560 20.
2116 504 2170 557 ΙΙ
2204 505 2251 559 1.
2908 513 2989 574 99

400 661 452 722 κ’
495 667 588 724 διὰ
623 669 680 724 τί
718 669 928 738 Μωσῆς
961 671 1060 726 καὶ
1097 665 1154 724 οἱ
1187 676 1482 742 προφῆται
1516 666 1586 727 οὐ
1619 677 1847 742 γυμνῶς
1890 669 2229 742 παρέδωκαν
2260 665 2545 735 Ἰουδαίοις
2578 671 2679 740 τὴν
2714 672 2847 742 περὶ
2882 677 2987 726 τοῦ

500 749 626 808 υἱοῦ
660 755 986 825 θεολογίαν.

366 834 454 895 κα’
501 833 592 894 ὅτι
627 837 660 894 ὁ
697 835 817 904 υἱὸς
851 833 920 908 ἦν
954 845 1062 894 τοῦ
1095 842 1238 895 θεοῦ
1273 837 1306 895 ὁ
1341 839 1552 896 Μωσεῖ
1577 841 1674 895 καὶ
1707 846 1788 913 τῷ
1821 833 2070 912 Ἀβραὰμ
2102 840 2468 911 χρηματίσας.

366 919 454 996 κβ’
499 918 588 978 ὅτι
621 925 722 979 καὶ
754 920 816 979 έν
849 931 972 990 τοῖς
1005 926 1330 996 προφήταις
1361 921 1454 980 διὰ
1489 931 1592 980 τοῦ
1623 920 1750 978 υἱοῦ
1785 920 1818 978 ὁ
1854 926 2040 996 πατὴρ
2078 920 2461 994 έθεολογεῖτο.

303 1009 334 1060 5
364 1004 451 1078 κγ’
505 1003 594 1064 ὅτι
626 1009 704 1076 μὴ
738 1008 839 1065 δύο
874 1005 1048 1074 θεοὺς
1081 1009 1115 1078 ἡ
1153 1005 1416 1075 ἐκκλησία
1451 1007 1728 1080 κηρύττει.

364 1089 444 1146 κδ’
491 1087 650 1158 ὅπως
683 1091 1028 1162 Μάρκελλος
1075 1101 1196 1158 τοῖς
1248 1092 1442 1162 λόγοις
1490 1099 1592 1148 τοῦ
1644 1094 1788 1149 θεοῦ
1839 1099 1960 1158 τοῖς
2004 1099 2119 1148 τῶν
2168 1091 2466 1164 πρακτέων
2510 1094 2983 1164 παραγγελτικοῖς

497 1177 602 1233 τὸν
636 1184 926 1248 μονογενῆ
960 1179 1138 1248 λόγον
1175 1174 1495 1247 ἀφωμοίου.

361 1257 442 1318 κε’
497 1256 657 1326 ὅπως
693 1259 862 1328 αὐτὸς
896 1257 1084 1335 ἑαυτῷ
1116 1258 1392 1319 τάναντία
1429 1256 1696 1333 ἔγραφεν.

525 1447 635 1514 62¹
663 1440 916 1514 1Μετὰ
947 1441 1069 1525 τὰς
1089 1447 1587 1532 παρατεθείσας
1607 1448 1754 1512 τῶν
1771 1447 1986 1512 θείων
2018 1435 2577 1530 αναγνωσμᾶτων
2593 1447 2977 1530 μαρτυρίας,

269 1551 326 1604 10
358 1535 450 1608 δι’
501 1531 606 1610 ὧν
650 1570 760 1613 οτι
803 1542 893 1632 μὴ
935 1537 1153 1630 μόνον
1208 1539 1412 1630 λόγος
1469 1536 1831 1629 ὥνόμαστο
1884 1537 2019 1628 πρὸ
2076 1546 2197 1629 τῆς
2240 1538 2566 1629 ἑνσᾶρκου
2607 1548 2979 1664 παρουσίας

355 1634 394 1708 6
439 1638 583 1722 υίὸς
638 1647 766 1712 τοῦ
816 1646 986 1712 θεοῦ
1043 1647 1343 1730 παρέστη
1407 1637 1665 1728 (ωσπερ
1726 1631 1853 1710 οὖν
1913 1636 2131 1710 ἐδόκει
2174 1646 2581 1729 Μαρκέλλῳ)
2641 1635 2815 1712 ἀλλὰ
2865 1645 2977 1710 καὶ

352 1747 558 1828 μυρία
603 1740 842 1830 ἕτεΙρα,
889 1745 1052 1831 φέρε
1095 1739 1176 1832 δὴ
1223 1738 1470 1812 λοιπὸν
1516 1738 1598 1810 τὸ
1643 1745 2023 1825 Σαβελλίου
2070 1744 2357 1812 ειδωλον
2401 1737 2629 1829 ὥσπερ
2674 1734 2810 1810 ἀπὸ
2855 1745 2976 1828 γῆς
3014 1759 3131 1816 104

353 1835 718 1922 ἇνακυψαν
777 1838 1328 1930 ἐποπτεύσωμεν.
1437 1837 1810 1929 ἐτόλμησεν
1880 1829 2071 1926 (οὖν)
2136 1843 2345 1911 εἰπεῖν
2406 1835 2619 1910 αυτὸν
2679 1837 2807 1911 τὸν
2866 1842 2975 1909 ἐπὶ
3010 1855 3166 1927 ὅπως
3242 1863 3343 1930 τὴν

355 1937 648 2010 πάντων
691 1935 890 2024 θεόν,
945 1937 1072 2010 τὸν
1125 1945 1388 2028 πατέρα
1444 1945 1571 2010 τοῦ
1619 1946 1859 2027 κυρίου
1901 1933 2096 2027 ἡμῶν
2136 1933 2347 2026 Ἰησοῦ
2390 1945 2709 2027 Χριστοῦ,
2754 1965 2974 2028 γεγεν-

3010 1929 3325 2018 Σαβελλὶου

3010 1997 3183 2062 δόξαν
3216 1995 3337 2054 ἀνε·

259 2047 318 2100 15
357 2043 607 2126 νῆσθαι
650 2041 724 2108 ἐκ
769 2043 891 2127 τῆς
935 2033 1131 2128 ἁγίας
1164 2045 1524 2126 παρθένου
1551 2044 1664 2108 καὶ
1693 2033 1907 2108 αυτὸν
1936 2044 2381 2122 πεπονθέναι,
2426 2045 2684 2110 τοῦτον
2713 2035 2975 2127 γράψας
3076 2073 3277 2121 „em-,w

355 2135 790 2325 τὸνβξὲὀῖξῖ
835 2246 904 2309 τί
966 2243 1204 2307 τοίνυν
1263 2226 1350 2324 ἦν
1410 2233 1500 2306 τὸ
1561 2235 1973 2308 κατελθὸν
2030 2234 2166 2323 πρὸ
2228 2242 2355 2308 τοῦ
2413 2237 2971 2332 ὲνανθρωπῆσαι;

475 2335 760 2420 πάντως
788 2366 928 2410 που
971 2357 1204 2425 φησιν·
1245 2341 1524 2424 πνεῦμα.
1587 2341 1654 2406 εἰ
1697 2333 1822 2456 γάρ
1868 2365 1935 2406 τι
1977 2333 2160 2423 παρὰ
2204 2341 2413 2407 τοῦτο
2458 2341 2677 2425 λέγειν
2720 2340 2965 2420 ἐθέλοι,

477 2432 560 2506 οὗ
631 2433 1037 2525 συγχωρήσει
1111 2430 1302 2524 αὐτῷ
1371 2430 1408 2505 6
1473 2433 1648 2525 πρὸς
1683 2433 1846 2525 τὴν
1902 2441 2259 2524 παρθένον
2329 2435 2614 2523 εἰρηκώς
2686 2434 2967 2524 ἄγγελος

251 2543 316 2596 20
481 2542 778 2626 »πνεῦμα
832 2529 1028 2624 α’γιον
1089 2533 1515 2607 ἐπελεύσεται
1573 2539 1684 2605 ἐπὶ
1745 2541 1877 2606 σέι.
1962 2540 2020 2605 εί
2080 2538 2151 2604 δὲ
2201 2539 2463 2624 πνεῦμα
2516 2536 2689 2607 εἶναι
2748 2534 2961 2624 φήσει,

473 2629 784 2705 ακουέτω
829 2641 957 2708 τοῦ
1001 2640 1312 2724 σωτῆρος
1356 2641 1683 2723 λέγοντος
1730 2639 2029 2722 »πνεῦμα
2073 2629 2111 2704 6
2156 2630 2377 2718 θεὸςι.

349 2731 456 2805 διὰ
501 2732 780 2806 τούτων
821 2734 950 2808 τὸν
991 2743 1141 2807 τῶν
1185 2727 1376 2808 ὅλων
1419 2730 1615 2821 θεόν,
1659 2741 1812 2825 περὶ
1860 2725 1940 2806 οὗ
1985 2729 2023 2805 6
2068 2732 2300 2823 σωτὴρ
2343 2739 2453 2804 καὶ
2495 2732 2723 2823 κύριος
2767 2730 2962 2825 ἡμῶν

347 2837 646 2920 ἐδίδαξεν
688 2836 904 2907 εἰπὼν
959 2842 1256 2924 »πνεῦμα
1299 2829 1337 2905 6
1383 2830 1572 2919 θεός,
1634 2843 1746 2905 καὶ
1807 2833 1967 2917 τούς
2030 2839 2588 2923 προσκυνοῦντας
2631 2831 2843 2907 αὐτὸν
2886 2841 2963 2907 ἐν

347 2932 678 3023 πνεύματι
745 2940 858 3005 καὶ
929 2931 1220 3026 ἀληθείᾳ
1281 2938 1383 3007 δεῖ
1437 2952 1914 3022 προσκυνεῑνι,
1979 2931 2059 3004 τὸ
2125 2932 2423 3006 ἐπελθὸν
2483 2941 2570 3023 τῇ
2627 2942 2957 3023 παρθένῳ

249 3040 313 3095 25
347 3040 607 3121 πνεῦμα
652 3034 819 3106 εἶναι
863 3036 1011 3123 ἔφη,
1058 3034 1374 3124 ἄντικρυς
1405 3032 1532 3107 τὸν
1561 3039 1941 3119 Σαβέλλιον
1972 3029 2477 3121 ἀνανεούμενος.
2550 3040 2659 3105 καὶ
2690 3035 2958 3123 προϊών

347 3132 513 3221 ἑξῆς,
557 3128 863 3222 Ἱερεμίου
907 3140 1034 3205 τοῦ
1073 3132 1440 3223 προφήτου
1483 3140 1634 3223 περὶ
1679 3138 1801 3221 τῆς
1845 3130 2441 3221 ἐνανθρωπήσεως
2487 3139 2612 3205 τοῦ
2650 3140 2958 3222 σωτῆρος

345 3238 582 3317 σαφῶς
625 3232 977 3322 εἰρηκότος
1042 3231 1246 3323 »μετὰ
1307 3238 1527 3303 ταῦτα
1577 3237 1688 3303 ἐπὶ
1739 3238 1863 3321 τῆς
1905 3239 2024 3322 γῆς
2068 3229 2307 3321 ὤφθη,
2352 3239 2464 3302 καὶ
2500 3250 2645 3314 τοῖς
2690 3230 2958 3321 ἀνθρώ-

343 3359 498 3413 ποις
542 3330 1128 3423 συνανεστράφηι,
1189 3337 1300 3403 ἐπὶ
1361 3330 1488 3401 τὸν
1547 3338 1805 3420 πατέρα
1871 3328 2188 3419 ἀναφέρει
2249 3329 2330 3401 τὸ
2394 3327 2629 3420 λόγιον
2672 3328 2958 3417 φάσκων

344 3426 570 3512 αὐτοῖς
617 3426 901 3519 ῥήμασιν

246 3535 308 3591 30
465 3533 604 3615 (Nr.
651 3538 754 3617 50)
817 3526 968 3603 ἀλλ’
1025 3534 1240 3602 ἔοικεν
1281 3534 1356 3601 έν
1417 3536 1520 3619 τῷ
1582 3527 1767 3619 λόγῳ
1831 3524 1869 3599 6
1922 3527 2150 3618 πατὴρ
2206 3530 2400 3613 εἶναι,
2461 3524 2595 3597 κᾶν
2638 3524 2953 3618 Ἀστερίῳ

459 3628 550 3718 μὴ
595 3635 762 3719 δοκῇ
804 3636 914 3702 καὶ
959 3648 1105 3712 τοῖς
1150 3626 1368 3701 ταῦτὰ
1409 3632 1644 3719 ἐκείνῳ
1689 3634 2078 3716 φρονοῦσιν.

335 3734 446 3799 καὶ
508 3732 617 3799 ἐπὶ
679 3736 806 3801 τοῦ
863 3727 1133 3813 πάθους
1195 3736 1266 3800 δὲ
1328 3734 1455 3799 τοῦ
1504 3733 1814 3817 σωτῆρος
1869 3724 2126 3800 ταύτὸν
2167 3745 2364 3799 ποιεῖ.
2448 3733 2793 3815 παραθεὶς
2824 3726 2949 3819 γὰρ

337 3824 472 3899 ἇπό
537 3836 686 3901 τῶν
740 3825 1052 3919 Ἰερεμίου
1117 3826 1409 3917 Θρήνων
1468 3825 1550 3898 τὸ
1620 3833 1918 3917 »πνεῦμα
1976 3826 2358 3915 προσώπου
2417 3823 2613 3915 ἡμῶν
2658 3826 2950 3914 Χριστὸς

333 3924 567 4015 κύριος
609 3927 1008 4019 συνελήφθη
1050 3932 1124 3999 ἐν
1168 3947 1314 4010 ταῖς
1360 3931 1766 4015 διαφθοραῖς
1810 3922 2104 4017 αὖτῶνι,
2150 3931 2438 4015 ἐπιλέγει

504 4146 626 4203 ut
673 4148 784 4218 vgl.
825 4148 919 4202 Nr.
955 4150 1037 4204 36.
1074 4148 1156 4202 37.
1197 4150 1280 4203 42.
1315 4150 1399 4203 43.
1432 4149 1504 4201 44
1547 4176 1615 4187 -
1670 4147 1743 4202 17
1785 4146 1897 4216 vgl.
1932 4146 2024 4199 Nr.
2058 4147 2129 4199 42
2166 4175 2229 4185 —
2266 4147 2346 4201 20
2382 4146 2516 4200 Luk.
2554 4150 2601 4211 1,
2638 4148 2705 4201 35
2752 4178 2817 4186 —
2870 4148 2947 4203 21

331 4246 454 4303 Joh.
492 4252 540 4311 4,
578 4248 646 4303 24
677 4278 746 4287 —
782 4248 860 4305 28
895 4249 1018 4305 Joh.
1054 4253 1104 4312 4,
1140 4250 1207 4303 24
1243 4278 1308 4289 -
1346 4250 1422 4304 27
1463 4248 1680 4303 Baruoh
1713 4250 1761 4311 3,
1798 4250 1867 4302 38
1901 4277 1968 4286 -
2003 4248 2081 4302 88
2116 4247 2333 4317 Klagel.
2370 4250 2421 4312 4,
2455 4248 2524 4303 20

502 4450 578 4505 11
633 4448 970 4523 παρεστάεη
1005 4450 1136 4517 We,
1189 4449 1334 4505 doeh
1385 4420 1815 4520 ν81.8.’110,5
1880 4451 1888 4516 ι
1955 4449 2033 4503 18
2086 4440 2243 4519 (οὖν)
2283 4448 2387 4503 we
2432 4447 2597 4519 <γᾰρ>
2636 4450 2729 4507 Mo
2792 4452 2803 4519 ι
2868 4450 2948 4505 20

329 4552 493 4619 φήσει
547 4550 674 4605 and.
727 4552 803 4606 Siz-
861 4569 998 4623 φησι
1045 4550 1092 4603 V
1157 4552 1166 4619 Ι
1231 4549 1307 4606 81
1363 4558 1542 4606 ταῦτα
1588 4551 1637 4606 V
1699 4551 1709 4617 Ι
1779 4550 1857 4604 84
1916 4546 2123 4619 αὐτῶν]
2180 4550 2264 4604 Ga
2306 4550 2419 4621 vgl.
2464 4550 2609 4604 LXX
2654 4549 2827 4608 αὐτὸν
2872 4552 2947 4615 V;

325 4650 457 4721 filge
490 4650 680 4706 hinzu:
720 4644 790 4710 οὗ
824 4647 1068 4721 εἴπαμεν
1101 4649 1163 4708 έν
1196 4658 1267 4723 τῇ
1302 4658 1433 4727 σκιᾷ
1467 4650 1644 4708 αἰτοῦ
1680 4653 1973 4721 ζησόμεθα
2011 4648 2073 4708 ἐν
2106 4658 2227 4717 τοῖς
2261 4646 2526 4708 ganam?
2560 4652 2675 4723 vgl.
2708 4654 2759 4709 S.
2779 4653 2948 4721 100,4

2475 4738 2547 4791 7*

3041 2130 3302 2202 Μάρκελ·

3116 2203 3229 2265 λος.

3028 2755 3061 2809 2

3027 3044 3059 3097 3
