3694 5582
1255 517 1448 570 eontra
1481 515 1804 574 Marcellum
1839 520 1865 573 I
1901 522 1949 574 3.
1985 521 2035 574 4.
2837 525 2911 584 17

309 685 675 750 σκοτεινῶν
719 675 976 767 λόγων,
1039 676 1262 769 ῥήσεις
1305 709 1382 752 τε
1423 689 1690 780 σοφῶν
1709 686 1818 750 καὶ
1866 687 2294 770 αίνίγμαται,
2354 687 2467 750 καὶ
2520 677 2728 751 πάλιν
2778 684 2911 750 »δέ-
2948 689 3013 746 15

311 788 544 865 ξασθαι
589 780 892 868 στροφὰς
936 775 1225 868 λόγωνι.
1311 777 1354 851 ἃ
1401 773 1483 869 δῆ
1523 785 1633 852 καὶ
1697 810 1923 864 ουτως
1983 783 2229 869 ἔχοντα
2289 785 2364 851 ἐκ
2424 787 2571 852 τῶν
2632 784 2913 870 ἐμφερο-

307 884 528 968 μένων
571 887 656 968 τῇ
697 887 906 969 βίβλῳ
949 890 1375 968 καταμαθεῖν
1417 879 1674 972 ράδιον,
1737 879 1967 963 ἄλλως
2010 877 2092 951 ού
2136 886 2529 969 δυναμένων
2574 885 2913 969 νοηθῆναι

309 974 349 1066 ἢ
392 977 711 1051 διιόντων
753 975 950 1070 ἡμῶν
993 984 1068 1050 ἐκ
1112 985 1236 1069 τῆς
1277 987 1641 1071 προχείρου
1694 985 1941 1066 λέξεως
2000 984 2111 1052 ἐπὶ
2170 978 2297 1051 τὸν
2358 983 2429 1066 ἐξ
2486 975 2697 1067 αὐτῆς
2741 991 2915 1051 θεω-

246 1093 276 1146 5
307 1077 632 1168 ρούμενον
663 1085 852 1151 νοῦν·
925 1075 1080 1150 οἶόν
1123 1082 1310 1152 ἐστιν
1350 1078 1432 1151 τὸ
1470 1087 1592 1169 »τῇ
1635 1088 1879 1169 βδέλλῃ
1926 1097 2103 1169 τρεῖς
2144 1085 2515 1168 θυγατέρες
2558 1073 2731 1166 ἦσαν
2760 1076 2915 1167 άγα-

307 1176 497 1267 πήσει
527 1176 986 1268 άγαπῶμεναι,
1029 1186 1142 1250 καὶ
1171 1183 1240 1251 αἱ
1283 1199 1465 1269 τρεῖς
1507 1171 1711 1251 αὗται
1755 1176 1883 1251 οὐκ
1924 1185 2382 1252 ἐνεπίπλασαν
2426 1175 2659 1269 αύτὴν.
2730 1185 2841 1250 καὶ
2874 1175 2915 1269 ἦ

307 1275 594 1369 τετάρτη
657 1275 782 1350 οὐκ
841 1273 1141 1370 ἠρκέσθη
1201 1284 1413 1352 εἰπεῖν
1474 1276 1785 1365 ἱκανόνι,
1839 1284 1853 1368 Ι
1904 1285 2015 1350 καὶ
2074 1276 2152 1370 »ἦ
2206 1288 2413 1366 σοφία
2475 1275 2914 1369 ᾠκοδόμησεν
2949 1286 3015 1342 16
3043 1287 3053 1354 Ι
3084 1285 3161 1342 18

307 1381 504 1468 ἑαυτῇ
549 1381 760 1464 οἶκον,
805 1386 918 1450 καὶ
953 1375 1308 1469 ύπήρεισεν
1338 1379 1625 1463 στύλους
1667 1376 1865 1451 ἑπτά·
1911 1381 2198 1466 ἔσφαξεν
2238 1377 2324 1450 τὰ
2354 1379 2594 1467 ἑαυτῆς
2623 1377 2917 1467 θύματα,

305 1483 614 1568 ἐκέρασεν
645 1484 736 1562 εἰς
763 1485 1067 1568 κρατῆρα
1097 1476 1225 1550 τὸν
1269 1481 1510 1570 ἑαυτῆς
1554 1482 1809 1564 οἶνονε,
1852 1486 1967 1550 καὶ
2010 1473 2137 1551 ὅσα
2180 1479 2357 1552 ἄλλα
2400 1477 2676 1560 τούτοις
2706 1505 2915 1566 παρα-

215 1588 276 1642 10
305 1578 578 1668 πλήσια,
625 1575 747 1666 ούχ
790 1579 1039 1668 ἑτέρως
1083 1579 1340 1651 δυνατὰ
1386 1589 1720 1664 νοεῖσθαι,
1781 1571 1943 1650 οὔτε
1984 1588 2362 1670 προχείρως
2406 1573 2564 1651 οὔτε
2611 1582 2683 1648 ἔκ
2728 1605 2919 1660 τινος

305 1682 628 1767 ἱστορίας,
690 1683 748 1748 εί
789 1677 880 1768 μὴ
921 1679 1100 1750 κατὰ
1141 1675 1361 1769 μόνην
1402 1678 1800 1770 μεταφορὰν
1843 1685 1953 1750 καὶ
1998 1676 2443 1768 ἀναστροφὴν
2486 1683 2609 1766 τῆς
2659 1682 2918 1764 λέξεως.

305 1780 368 1847 αἱ
410 1774 467 1848 ‹5’
511 1781 890 1850 ἐκτεθεῖσαι
935 1785 1083 1849 τῶν
1121 1773 1469 1867 Ἑλλήνων
1517 1787 1869 1869 παροιμίαι
1928 1775 2066 1851 άπό
2129 1806 2346 1849 τινων
2406 1781 2731 1867 ἱστοριῶν
2790 1774 2913 1860 τὰς

305 1875 503 1966 ἀρχὰς
534 1876 906 1967 εἰλήφασιν.
958 1876 1042 1949 τὸ
1072 1877 1196 1966 γὰρ
1227 1887 1294 1946 Η
1326 1883 1828 1949 ΤΕΘΝΗΚΕΝ
1855 1887 1929 1948 Η
1949 1885 2387 1949 ΔΙΔΑΣΚΕῙ
2405 1882 2792 1948 ΓΡΑΜΜΑ
2805 1881 2914 1947 ΤΑ
2951 1879 3013 1933 17

306 1978 411 2048 διὰ
453 1976 689 2068 τήνδε,
754 1985 986 2066 φησίν,
1051 1981 1297 2066 ἐλέχθη
1343 1976 1473 2065 τὴν
1517 1981 1846 2067 ἱστορίαν,
1910 1986 2023 2049 καὶ
2066 1973 2148 2049 δι’
2194 1979 2435 2065 ἑτέραν
2476 1973 2685 2047 πάλιν
2728 2003 2914 2065 γενο-

213 2087 272 2140 15
303 2083 504 2166 μένην
549 2083 816 2148 τοιανδὶ
875 2083 1124 2162 πρᾶξιν
1184 2077 1266 2150 τὸ
1311 2083 1475 2152 ΑΙΞ
1517 2087 1707 2148 ΤΗΝ
1739 2083 2244 2149 ΜΑΧΑΙΡΑΝ
2294 2079 2574 2166 εἴρηται·
2662 2081 2771 2146 καὶ
2834 2073 2915 2146 τὸ

305 2183 532 2247 ΑΛΙΣ
570 2183 870 2247 ΔΡΙὌΣ
907 2173 1265 2262 ῶσαύτως,
1327 2175 1437 2249 διὰ
1483 2178 1564 2251 τὸ
1608 2173 2268 2267 βαλανηφαγοῦντάς
2308 2204 2484 2248 ποτε
2526 2175 2917 2248 παύσασθαι

305 2281 422 2364 τῆς
466 2275 794 2364 τοιαύτης
824 2283 1102 2366 τροφῆς.
1174 2283 1234 2348 εί
1263 2281 1336 2349 δὲ
1379 2285 1490 2349 καὶ
1539 2275 1845 2360 Γλαῦκός
1889 2306 1994 2361 τις
2036 2273 2428 2366 ἐπιστήμων
2458 2281 2699 2364 τέχνης
2728 2272 2920 2357 τινὸς

306 2381 485 2464 γεδῦ*
486 2404 716 2464 γονως
754 2375 1108 2505 ’διαφόρως
1149 2375 1624 2467 ἐμνημονεύθη
1669 2377 1855 2466 παρὰ
1900 2396 2045 2460 τοῖς
2085 2374 2256 2464 μετὰ
2301 2381 2517 2446 ταῦτα
2577 2371 2919 2464 διαφωνή-

306 2497 494 2546 σασιν
553 2481 631 2546 ἐν
692 2483 793 2564 τῷ
843 2483 1008 2598 περὶ
1063 2473 1275 2549 αὐτοῦ
1319 2475 1532 2567 λόγῳ,
1595 2485 1664 2548 τί
1723 2484 1937 2549 τοῦτο
1996 2475 2169 2563 πρὸς
2229 2475 2352 2558 τὰς
2415 2471 2921 2556 θεοπνεύστους

209 2590 273 2646 20
303 2582 708 2666 Παροιμίας;
781 2572 864 2648 ού
904 2575 1030 2665 γὰρ
1075 2572 1330 2664 ὁμοίως
1374 2595 1522 2660 ταῖς
1563 2569 1973 2666 Ἑλληνικαῖς
2016 2583 2407 2666 παροιμίαις
2446 2581 2561 2646 καὶ
2604 2565 2803 2646 αὗται
2848 2577 2921 2644 ἔκ

305 2705 489 2758 τινος
531 2677 838 2762 ἱστορίας
881 2673 1013 2766 τὴν
1058 2674 1252 2748 λύσιν
1279 2680 1724 2764 ἐπιδέχονται.
1795 2672 2083 2764 άιιαθῶς
2128 2674 2259 2764 ἄρα
2302 2685 2413 2746 καὶ
2456 2671 2755 2764 ἀπείρως
2796 2679 2920 2762 τῆς

304 2782 444 2847 τῶν
489 2783 711 2847 θείων
753 2783 1043 2865 γραφῶν
1085 2783 1384 2864 θεωρίας
1427 2773 1510 2848 ού
1551 2773 1786 2865 μόνον,
1850 2773 2028 2849 άλλὰ
2070 2783 2181 2848 καὶ
2224 2779 2559 2859 ἐναντίως
2602 2781 2707 2865 τῷ
2752 2770 2917 2845 άπο-

302 2872 526 2965 στόλῳ
575 2872 971 2965 Μάρκελλος
1025 2876 1188 2959 τούς
1227 2872 1574 2967 Ἑλλήνων
1625 2876 1883 2964 σοφούς
1944 2874 2419 2965 <ἐν>τυχόντας
2480 2891 2629 2957 ταῖς
2672 2880 2917 2963 Παροι-

300 2983 476 3063 μίαις
519 2982 948 3065 Σολομῶνος
1004 2984 1253 3065 μαθεῖν
1309 2983 1419 3046 καὶ
1481 2984 1779 3065 ζηλῶσαι
1839 2973 1923 3047 τὸ
1984 2972 2421 3064 προφητικὸν
2480 2971 2746 3063 γράμμα
2806 2983 2917 3045 καὶ

204 3096 268 3149 25
301 3074 424 3145 τὸν
467 3072 689 3148 αὐτὸν
731 3079 970 3165 ἐκείνῳ
1012 3072 1268 3166 γράψαι
1310 3071 1574 3165 τρόπον
1618 3072 2041 3164 ἀπεφήνατο.
2137 3072 2414 3145 τούτων
2468 3070 2624 3163 ἡμῖν
2669 3078 2919 3162 εἰρημέ-
2956 3083 3023 3138 18

299 3202 443 3247 νων
503 3180 606 3257 εἰς
666 3171 1014 3261 ἀπόδειξιν
1081 3181 1207 3246 τοῦ
1264 3182 1430 3267 μηδὲ
1489 3194 1637 3258 ταῖς
1695 3182 1916 3257 θείαις
1970 3192 2259 3263 γραφαῖς
2328 3200 2413 3243 ον
2474 3172 2601 3262 χρὴ
2654 3170 2921 3263 τρόπον

299 3278 816 3363 ἐντετυχηκέναι
877 3272 1007 3346 τὸν
1077 3274 1318 3364 ἄνδρα,
1379 3286 1576 3347 καλεῖ
1630 3273 1712 3363 δὴ
1771 3272 2005 3361 καιρὸς
2062 3281 2178 3345 καὶ
2238 3272 2367 3363 τὴν
2419 3270 2539 3362 ούχ
2592 3268 2745 3361 ὑγιῆ
2799 3276 2922 3361 τῆς

295 3378 598 3457 πίστεως
649 3370 864 3445 αὐτοῦ
916 3371 1124 3461 δόξαν
1165 3379 1686 3463 ἐπισκέψασθαι,
1735 3370 1832 3456 ῶς
1884 3378 2164 3445 ἐναντία
2208 3369 2517 3459 δοξάζων
2561 3380 2647 3461 τῇ
2689 3376 2923 3459 ἐκκλη-

298 3480 611 3561 σιαστικῇ
653 3479 1046 3545 διδασκαλία
1093 3471 1310 3564 αύτήν
1357 3502 1436 3545 τε
1481 3482 1592 3546 καὶ
1626 3472 1790 3556 τοὺς
1816 3480 2264 3564 προεστῶτας
2308 3468 2518 3562 αὐτῆς
2560 3476 2923 3554 διέβαλλεν.

200 3593 264 3649 30
457 3581 502 3647 4
563 3571 770 3663 Θήσω
824 3579 896 3644 δὲ
945 3582 1212 3695 πρῶτα,
1245 3570 1330 3645 δι’
1371 3566 1474 3645 ῶν
1527 3591 1672 3657 τοῖς
1725 3569 1961 3663 ὀρθῶς
2002 3581 2116 3643 καὶ
2157 3576 2727 3661 ἐκκλησιαστικῶς
2768 3569 3047 3659 roa-31⁴
3095 3574 3197 3643 τήν
3232 3590 3291 3628 τε

297 3692 517 3759 φεῖσιν
582 3670 963 3763 ἀντιλέγειν
1011 3680 1356 3762 πειρᾶται,
1403 3672 1786 3758 διαβάλλων
1831 3673 1991 3755 τοὺς
2044 3670 2469 3763 γράψαντας,
2514 3676 2625 3741 καὶ
2676 3697 2923 3759 μονον·
2958 3639 3269 3779 σξῖζῇξσιαζ
3272 3736 3293 3747 ,

295 3780 435 3861 ουχὶ
506 3770 878 3862 πάμμαχον
940 3772 1420 3863 συνιστάμενος
1490 3770 1726 3862 ἀγῶνα
1797 3773 1973 3861 πρὸς
2028 3770 2309 3854 πάντας.
2404 3770 2561 3859 ἄρτι
2613 3776 2735 3858 μὲν
2796 3767 2921 3859 γὰρ
2974 3777 3283 3834 dannanus·

293 3874 463 3959 πρὸς
507 3870 858 3962 Ἀστέριον
909 3872 1041 3963 τὴν
1093 3868 1486 3963 ἀντίρρησιν
1531 3892 1851 3957 ποιεῖται,
1897 3899 2054 3960 αρτι
2098 3877 2169 3942 δὲ
2210 3870 2385 3959 πρὸς
2428 3867 2750 3954 Εὖσέβιον
2794 3867 2921 3941 τὸν
2987 3842 3269 3999 ξῖἒεξζξξ

2971 4000 3073 4046 τας
3108 3977 3277 4047 αὐτῆς

465 4096 500 4149 1
550 4095 713 4148 Prov.
752 4098 801 4162 1,
837 4096 870 4149 3
921 4123 988 4133 -
1041 4094 1080 4149 ε
1117 4094 1275 4149 Prov.
1312 4094 1395 4159 24,
1429 4096 1498 4150 50
1549 4123 1616 4133 -
1673 4093 1702 4148 ⁷
1753 4094 1999 4160 Prov.9,
2038 4098 2065 4147 1
2122 4124 2187 4133 -
2243 4092 2385 4149 1211*
2426 4092 2534 4163 νει.
2571 4092 2663 4146 Nr.
2702 4093 2801 4145 112
2854 4120 2919 4129 -
2955 4048 3263 4120 διέβαυεν·

298 4194 368 4249 17
410 4195 526 4265 vgl.
565 4194 661 4249 Nr.
700 4198 802 4252 112
835 4226 902 4235 —
938 4195 1083 4252 2811*
1112 4195 1228 4265 vgl.
1263 4195 1358 4249 Nr.
1377 4196 1478 4250 112
1503 4212 1550 4249 a..
1577 4194 1667 4259 E.;
1706 4195 1850 4251 doch
1884 4194 2103 4249 scheint
2127 4193 2397 4251 Eusebius
2432 4194 2548 4249 hier
2575 4193 2673 4247 das
2708 4196 2919 4261 μαθεῖν

297 4294 561 4351 Marcella
599 4296 777 4351 falech
813 4297 1158 4367 angoht-aoht
1193 4314 1260 4350 zu
1294 4296 1478 4351 haben

467 4482 500 4535 1
541 4487 856 4537 σκοτεινῶν
897 4481 1108 4551 λόγων]
1142 4482 1181 4536 1.
1216 4483 1318 4537 καὶ
1352 4480 1644 4539 σκοτεινὸν
1679 4480 1857 4551 λόγον
1892 4481 1998 4535 mit
2031 4480 2219 4535 LXX‘?
2259 4480 2269 4547 Ι
2306 4479 2497 4535 9-10
2532 4479 2921 4552 παραπλήσια]

290 4589 355 4646 -1-
392 4576 430 4636 ἃ
469 4581 550 4635 V²
580 4583 591 4649 Ι
624 4583 702 4638 10
737 4580 969 4639 δύναται
1003 4602 1060 4638 m
1091 4586 1099 4653 Ι
1143 4584 1220 4640 14
1257 4600 1430 4654 φασιν
1465 4597 1548 4639 mr
1578 4585 1587 4650 Ι
1639 4582 1712 4638 15
1747 4579 1973 4637 τοιάνδε
2011 4582 2163 4636 Zahn
2214 4582 2222 4648 Ι
2271 4578 2537 4651 εἰρῆσθαι
2576 4580 2639 4643 V,
2676 4597 2811 4635 corr.
2850 4580 2923 4633 m

294 4715 298 4726 ·
339 4683 420 4739 22³
455 4680 800 4754 ἐντυχόντας
833 4686 910 4741 Kl
945 4689 1059 4757 vgl.
1097 4686 1149 4743 S.
1186 4690 1270 4755 15,
1305 4688 1387 4741 30.
1427 4688 1506 4749 16,
1543 4686 1611 4741 20
1641 4686 1648 4752 Ι
1681 4685 1760 4741 28
1799 4680 1864 4749 ὃς
1898 4684 1993 4737 Mo

397 4770 648 4815 Eusebius
676 4770 757 4815 IV.
2484 4768 2516 4821 2
