3694 5582
691 501 806 564 160
1852 488 2118 547 Eusebius

691 652 887 744 ήμῶν
929 659 1322 744 (ἐδίδαξεν),
1380 659 1457 726 ἐν
1500 655 1600 738 οἷς
1641 653 1814 743 πρὸς
1862 655 2023 737 τούς
2068 649 2280 726 αὐτοῦ
2321 651 2639 743 μαθητὰς
2684 657 2907 742 ἔλεγεν
2953 650 3109 724 »ἐὰν
3154 649 3303 741 ἀγα-

689 762 864 826 πᾶτε
913 784 1021 843 με,
1085 755 1208 837 τὰς
1259 753 1548 836 ἐντολὰς
1603 754 1726 837 τὰς
1777 755 1939 844 ἐμὰς
1999 751 2341 844 τηρήσετε.
2424 760 2536 824 καὶ
2596 753 2730 841 ἐγώ
2792 748 3121 841 ἐρωτήσω
3183 753 3303 824 τὸν

689 861 952 944 πατέρα
995 861 1108 926 καί
1151 854 1368 928 ἄλλον
1409 850 1855 943 παράκλητον
1908 853 2110 926 δώσει
2160 851 2320 942 ύμῖν
2364 856 2477 924 ἳνα
2528 846 2569 941 ᾗ
2616 848 2768 942 μεθ’
2812 849 3007 941 ὑμῶν
3048 857 3142 935 εἰς
3182 851 3301 922 τὸν

691 960 942 1038 αἰῶνα,
1004 953 1088 1025 τὸ
1149 960 1413 1044 πνεῦμα
1455 959 1581 1043 τῆς
1615 950 1968 1042 ἀληθείας,
2032 947 2069 1024 ὃ
2132 948 2171 1024 6
2228 949 2481 1042 κόσμος
2540 949 2623 1023 06
2682 949 2965 1024 δύναται
3024 959 3305 1034 λαβεῑνι.

621 1071 653 1124 5
691 1050 852 1145 ὁρᾷς
914 1048 1107 1136 ὅπως
1158 1051 1242 1124 τὸ
1300 1060 1562 1142 πνεῦμα
1615 1051 1698 1126 τὸ
1751 1050 2195 1142 παράκλητον
2239 1053 2476 1140 ἕτερον
2520 1053 2691 1123 εἶναί
2734 1077 2943 1141 φησιν
2985 1059 3097 1123 καὶ
3142 1051 3304 1123 ἄλλο

688 1152 845 1242 παρ’
893 1151 1160 1226 ἑαυτόν.
1247 1159 1304 1224 εἰ
1348 1160 1420 1224 δὲ
1462 1150 1844 1243 ἐμφυσήσας
1886 1171 2033 1236 τοῖς
2073 1163 2416 1242 μαθηταῖς
2468 1153 2659 1223 εἶπεν
2724 1147 3003 1235 »λάβετε
3048 1157 3304 1240 πνεῦμα

691 1247 958 1343 ἃγιονι,
1003 1249 1087 1324 οὗ
1128 1251 1254 1342 χρὴ
1302 1249 1574 1341 ἀγνοεῖν
1623 1249 1720 1335 οὖς
1749 1252 1834 1325 τὸ
1866 1259 1987 1342 μὲν
2016 1250 2369 1342 ἐμφύσημα
2412 1248 2839 1340 καθαρτικόν
2880 1281 3033 1334 πως
3078 1243 3165 1340 ἦν
3194 1257 3307 1340 τῆς

690 1361 837 1425 τῶν
861 1347 1274 1424 ἀποστόλων
1301 1356 1537 1440 ψυχῆς.
1557 1355 1982 1474 ἐπιτηδείους
2012 1347 2261 1433 αὖτοὺς
2288 1349 2800 1438 παρασκευάζον
2821 1357 2941 1442 τῆς
2959 1358 3089 1424 τοῦ
3118 1346 3307 1440 ἆγίου

690 1452 1079 1541 πνεύματος
1107 1447 1464 1540 ὑποδοχῆς.
1535 1446 1619 1522 06
1660 1451 1785 1540 γὰρ
1815 1456 1910 1533 εἰς
1938 1449 2021 1522 τὸ
2050 1448 2431 1540 πρόσωπον
2472 1447 2707 1523 αὐτῶν
2735 1454 3107 1541 ἐμφυσῆσαι
3136 1458 3365 1538 λέγε·*.

591 1572 658 1626 10
692 1583 803 1624 ται
822 1548 972 1624 οὐδ’
1007 1545 1118 1623 ὅτι
1147 1548 1372 1639 πνοὴν
1405 1557 1582 1640 ζωῆς
1613 1545 1826 1622 065⁰
1787 1579 1899 1622 οτι
1928 1556 2191 1640 πνεῦμα
2222 1578 2432 1638 αγιον,
2456 1546 2554 1633 αἷς
2580 1555 2693 1622 ἐπὶ
2720 1579 2847 1622 του
2816 1547 3061 1640 ’Ἀδὰμ
3082 1546 3307 1638 ἀναγέ-

692 1679 990 1741 γραπται
1034 1680 1144 1723 οτι
1183 1649 1626 1740 »ἐνεφύσησεν
1666 1646 1704 1722 6
1735 1651 1902 1734 θεὸς
1930 1656 2023 1734 εἰς
2053 1649 2136 1722 τὸ
2165 1647 2544 1735 πρόσωπον
2572 1645 2787 1722 αυτοῦ
2815 1649 3043 1741 πνοὴν
3072 1656 3307 1739 gaam«,

694 1747 841 1821 ἀλλ’
889 1755 1260 1838 ἐμφυσῆσαι
1300 1756 1426 1836 μὲν
1467 1753 1724 1839 εἴρηται
1765 1746 2138 1872 πρότερον,
2195 1779 2429 1822 επειτα
2472 1755 2685 1820 εἰπεῖν
2734 1746 3011 1836 »λάβετε
3051 1755 3309 1838 πνεῦμα

693 1878 948 1940 aycove.
1039 1847 1120 1920 τὸ
1166 1855 1236 1920 δὲ
1281 1846 1542 1921 διδόναι
1585 1846 1800 1921 αυτὸν
1844 1849 1927 1921 τὸ
1957 1854 2223 1938 πνεῦμα
2250 1846 2464 1922 πάλιν
2496 1851 2735 1936 ἕτερον
2762 1845 2981 1922 αὐτὸν
3020 1855 3310 1939 παρίστη

693 1955 820 2021 τοῦ
873 1953 1253 2038 διδομένου·
1327 1945 1452 2020 οὖκ
1506 1977 1593 2019 αν
1643 1949 1771 2039 γὰρ
1825 1945 1863 2019 6
1909 1946 2114 2032 αὐτὸς
2158 1941 2245 2039 ἦν
2298 1944 2339 2020 6
2382 1949 2609 2032 διδοὺς
2652 1956 2764 2019 καὶ
2808 1946 2891 2019 τὸ
2936 1944 3307 2038 διδόμενον,
3342 1968 3370 2019 3

591 2069 658 2123 15
694 2043 846 2120 ἀλλ’
890 2043 930 2122 6
971 2053 1094 2139 μὲν
1137 2053 1458 2138 παρέχων
1501 2041 1589 2138 ἦν
1631 2043 1670 2119 6
1715 2046 1969 2138 σωτήρ,
2014 2048 2099 2120 τὸ
2144 2054 2215 2118 δὲ
2260 2046 2620 2138 διδόμενον
2664 2045 2745 2118 τὸ
2791 2039 2987 2137 άγιον
3028 2053 3308 2136 πνεῦμα,

693 2151 760 2220 οἱ
819 2154 892 2219 δὲ
946 2145 1405 2236 λαμβάνοντες
1463 2153 1529 2218 οἱ
1589 2142 1995 2232 ἀπόστολοι,
2052 2146 2135 2218 τὸ
2198 2145 2263 2216 δ’
2326 2146 2676 2237 ἐμφύσημα
2734 2146 3171 2235 καθαρτικὸν
3221 2143 3313 2227 ὥς

694 2250 868 2337 ἔφην
912 2255 1061 2319 τῶν
1103 2244 1520 2320 ἀποστόλων
1559 2243 1602 2336 ἢ
1644 2254 1758 2318 καὶ
1810 2247 2249 2337 ἐνεργητικὸν
2301 2253 2425 2337 τῆς
2474 2243 2896 2338 μεταδόσεως
2954 2251 3078 2316 τοῦ
3120 2241 3315 2335 ἆγίου

695 2345 1098 2436 πνεύματος,
1145 2349 1485 2438 ἑκατέρως
1527 2347 1654 2436 γὰρ
1695 2364 1883 2420 νοεῖν
1928 2344 2240 2420 δυνατόν.
2312 2347 2494 2437 πλὴν
2533 2351 2607 2418 ἐκ
2652 2344 2929 2418 τούτων
2974 2351 3314 2416 δείκνυται
3343 2373 3375 2424 4

694 2445 930 2536 ἕτερον
973 2443 1277 2535 ὑπάρχον
1318 2443 1478 2536 παρ’
1525 2443 1738 2518 αὐτὸν
1783 2448 1867 2520 τὸ
1913 2439 2106 2536 ἅγιον
2156 2453 2447 2536 πνεῦμα,
2511 2443 2608 2530 ὥς
2666 2453 2779 2517 καὶ
2830 2444 2939 2516 διὰ
2984 2451 3133 2517 τῶν
3179 2449 3314 2516 ἐπι-

593 2569 662 2626 20
699 2551 1124 2634 φερομένων,
1181 2543 1270 2617 δι’
1319 2539 1422 2619 ὧν
1465 2544 1678 2619 πάλιν
1719 2543 2220 2635 ἀναγέγραπται
2265 2544 2485 2670 φήσας
2550 2544 2706 2618 »ἐάν
2766 2576 2869 2630 τις
2928 2540 3158 2634 ἀγαπᾷ
3218 2571 3313 2633 με,

699 2643 828 2715 τὸν
873 2642 1082 2732 λόγον
1123 2672 1253 2734 μου
1295 2643 1584 2735 τηρήσει,
1629 2651 1738 2718 καὶ
1785 2641 1824 2718 6
1868 2645 2095 2735 πατήρ
2138 2673 2269 2735 μου
2312 2642 2642 2736 ἀγαπήσει
2684 2641 2925 2728 αὐτόν,
2985 2650 3097 2716 καὶ
3144 2642 3317 2733 πρὸς

698 2738 912 2815 αὐτὸν
963 2740 1376 2835 ἐλευσόμεθα
1425 2753 1538 2816 καὶ
1587 2745 1810 2836 μονὴν
1860 2744 2019 2835 παρ’
2065 2742 2255 2838 αυτῷ
2299 2742 2785 2836 ποιησόμεθαι.
2867 2744 2971 2827 οἷς
3013 2748 3379 2833 ἐπιφέρειῑ,

703 2850 956 2915 »ταῦτα
1001 2842 1341 2934 λελάληκα
1381 2841 1540 2934 ύμῖν
1582 2841 1740 2935 παρ’
1785 2842 1945 2935 ύμῖν
1974 2851 2227 2935 μένων·
2272 2840 2311 2917 6
2342 2852 2414 2917 δὲ
2440 2843 2896 2936 παράκλητος,
2942 2842 3025 2916 τὸ
3052 2852 3318 2933 πνεῦμα

696 2941 778 3013 τὸ
842 2972 1040 3031 αγιον
1099 2938 1136 3013 6
1181 2950 1428 3034 πέμψει
1492 2939 1532 3015 6
1584 2941 1814 3035 πατήρ
1868 2974 1997 3035 μου
2040 2950 2115 3017 ἐν
2157 2952 2261 3035 τῷ
2308 2940 2595 3037 ὀνόματί
2636 2974 2798 3037 μου,
2852 2948 3107 3028 ἐκεῖνος
3150 2942 3318 3035 ὑμᾶς

596 3066 662 3121 25
700 3038 948 3129 διδάξει
987 3040 1218 3115 πάντα
1260 3051 1373 3115 καὶ
1415 3041 1787 3133 ὑπομνήσει
1827 3040 1997 3133 ὑμᾶς
2039 3041 2271 3117 πάντα
2316 3068 2441 3117 οσα
2470 3047 2667 3117 εἶπον
2696 3041 2907 3134 flatu«.
2972 3052 2983 3133 1
3047 3041 3318 3127 ακούεις
3358 3055 3459 3111 171

701 3135 894 3224 ὅπως
935 3149 1388 3233 πληθυντικῷ
1433 3150 1752 3233 κέχρηται
1799 3142 2041 3233 τρόπῳ
2087 3143 2170 3215 τὸ
2236 3142 2685 3234 »ἐλευσόμεθα
2736 3151 2845 3216 καὶ
2890 3142 3113 3235 μονὴν
3158 3172 3297 3233 παρ

699 3236 890 3332 αύτῷ
936 3240 1393 3331 ποιησόμεθα(
1444 3250 1597 3332 περὶ
1643 3238 1857 3314 αὑτοῦ
1898 3251 2009 3314 καὶ
2056 3250 2182 3315 τοῦ
2222 3242 2485 3334 πατρὸς
2528 3242 2772 3335 φήσας,
2832 3250 2945 3316 καὶ
3006 3239 3105 3326 ὦς
3167 3250 3321 3329 περὶ

701 3346 826 3411 τοῦ
869 3337 1062 3429 άγίου
1103 3341 1492 3432 πνεύματος
1537 3348 1882 3415 διαλαλῶν
1944 3338 2041 3424 αἷς
2098 3349 2253 3433 περὶ
2301 3343 2537 3432 ἑτέρου
2589 3347 2815 3433 ἔλεγεν
2874 3342 2957 3415 τὸ
3024 3348 3320 3425 »ἐκεῖνος

695 3438 866 3529 ὑμᾶς
909 3438 1160 3527 διδάξει
1212 3439 1502 3513 πάνται.
1586 3446 1911 3513 τοιοῦτον
1973 3448 2045 3513 δὲ
2105 3435 2191 3531 ἦν
2249 3449 2362 3512 καὶ
2424 3442 2507 3514 τὸ
2572 3445 2743 3532 »ἐγὼ
2805 3440 3128 3533 ἐρωτήσω
3194 3442 3322 3515 τὸν
3354 3460 3385 3513 6

596 3563 664 3619 30
697 3546 960 3630 πατέρα
1003 3548 1113 3613 καὶ
1159 3540 1377 3614 α’λλον
1417 3539 1865 3629 παράκλητον
1905 3541 2107 3612 δώσει
2166 3539 2324 3631 ύμῖν
2383 3547 2493 3613 ἵνα
2534 3539 2685 3631 μεθ’
2731 3538 2924 3632 ὑμῶν
2967 3536 3008 3631 ᾖ
3052 3546 3147 3627 εἷς
3192 3541 3321 3613 τὸν

699 3646 944 3720 αἰῶνα,
1009 3641 1092 3712 τὸ
1145 3647 1411 3729 πνεῦμα
1464 3648 1585 3730 τῆς
1639 3638 2021 3729 ἀληθείαςι.
2106 3637 2359 3715 οὐκοῦν
2412 3644 2639 3731 ἕτερος
2690 3644 2775 3731 ἢν
2818 3639 2974 3731 παρ’
3018 3639 3240 3715 αὐτὸν
3284 3636 3321 3712 6

697 3737 1151 3829 παράκλητος,
1199 3748 1352 3828 περὶ
1397 3732 1477 3811 οὗ
1519 3740 1602 3812 τὰ
1634 3746 1934 3811 τοσαῦτα
1964 3742 2325 3812 ἐδίδασκεν.
2398 3738 2685 3825 εἰκότως
2716 3734 2839 3813 οὖν
2884 3734 3085 3825 αὖθις
3109 3765 3321 3831 προσ-

697 3846 915 3909 ετίθει
952 3844 1169 3927 λέγων
1206 3846 1461 3911 »ταῦτα
1492 3836 1830 3929 λελάληκα
1861 3834 2018 3927 ύμῖν
2058 3834 2218 3928 παρ’
2255 3838 2417 3961 ιὑμῖν
2448 3846 2696 3930 μένων·
2774 3836 2811 3911 6
2857 3846 2929 3911 δὲ
2958 3846 3070 3914 84¹
3108 3838 3322 3930 παρά-

697 3947 977 4026 κλητος,
1041 3935 1124 4009 τὸ
1176 3944 1439 4029 πνεῦμα
1493 3936 1574 4010 τὸ
1621 3932 1814 4027 ἅγιον
1860 3932 1898 4009 6
1942 3944 2193 4028 πέμψει
2236 3935 2274 4011 6
2318 3938 2545 4029 πατήρ
2588 3969 2719 4029 μου
2762 3944 2837 4011 ἐν
2881 3948 2983 4030 τῷ
3028 3935 3323 4031 ὀνόματί

871 4157 902 4212 1
945 4156 1066 4213 Joh.
1106 4160 1187 4223 14,
1225 4161 1425 4213 15—17
1470 4189 1537 4198 —
1581 4160 1619 4215 6
1655 4158 1776 4213 Joh.
1813 4160 1898 4225 20,
1934 4159 2001 4213 22
2052 4187 2119 4197 -
2176 4160 2249 4216 11
2292 4160 2425 4216 Gen.
2462 4162 2511 4228 2,
2550 4162 2578 4215 7
2633 4189 2700 4199 -
2757 4161 2832 4216 12
2870 4160 2993 4218 Joh.
3030 4162 3113 4225 20,
3152 4163 3223 4217 22
3257 4191 3324 4201 -

701 4258 814 4314 lssr
847 4258 954 4327 vgl.
993 4260 1046 4313 Z.
1084 4261 1113 4313 7
1158 4289 1225 4299 —
1270 4259 1350 4315 20
1386 4260 1508 4316 Joh.
1546 4264 1625 4323 14,
1645 4262 1713 4315 23
1755 4288 1825 4299 --
1868 4259 1946 4315 28
1983 4259 2105 4315 Joh.
2142 4262 2222 4325 14,
2259 4264 2341 4317 25.
2379 4263 2445 4317 26
2480 4292 2547 4301 -
2601 4262 2681 4319 26
2716 4262 2839 4319 Joh.
2878 4262 2957 4327 14,
2996 4264 3061 4318 23
3116 4292 3184 4303 -
3242 4262 3321 4319 28

697 4359 818 4414 Joh.
856 4362 936 4427 14,
975 4361 1042 4414 20
1076 4388 1144 4399 -
1179 4360 1257 4415 29
1293 4360 1418 4415 Joh.
1455 4362 1533 4428 14,
1572 4362 1652 4417 16.
1691 4362 1754 4415 17
1792 4390 1861 4399 -—
1896 4362 1975 4416 88
2011 4359 2134 4416 Joh.
2171 4364 2253 4429 14,
2289 4364 2371 4419 25.
2408 4366 2475 4420 26

868 4562 899 4616 1
955 4556 1202 4627 ἐδίδαξεν
1239 4560 1310 4614 ΚΙ
1355 4560 1466 4629 vgl.
1503 4560 1554 4615 S.
1591 4562 1706 4628 159,
1743 4560 1869 4617 38ss
1913 4554 2119 4627 ἔδειξεν
2156 4578 2201 4615 a.
2240 4562 2303 4616 R.
2340 4562 2418 4616 V²
2480 4564 2489 4631 Ι
2556 4564 2635 4619 10
2672 4557 2838 4634 ἅγιον
2875 4569 2969 4620 etr.
3006 4566 3099 4622 Mo
3166 4567 3176 4635 Ι
3242 4566 3315 4621 27

696 4662 829 4735 περὶ
862 4658 1036 4716 αὐτοῦ
1072 4662 1119 4716 V
