3694 5582
691 503 762 560 10
1862 491 2127 546 Eusebius

811 664 1087 745 τίμησεν
1133 663 1232 745 τῷ
1279 653 1576 743 διαβόλῳ
1621 653 1796 726 κατὰ
1845 653 1973 742 τὴν
2014 661 2446 742 προφητείαν
2476 656 2693 725 εἰπών
2742 653 3041 729 »απελθε
3088 653 3308 728 ὀπίσω

807 787 956 846 μου,
987 763 1258 836 σατανᾶ,
1305 749 1414 826 ότι
1443 753 1826 826 σκάνδαλον
1857 756 1918 824 εἰ
1942 758 2144 842 ἐμοίε.
2216 744 2423 836 οὗτος
2464 761 2703 825 τοίνυν
2730 752 2986 826 ἐστὶν<
2949 787 2987 827 ο
3018 757 3227 846 ἱερεὺς
3270 753 3309 828 5

808 864 1024 946 μέγας,
1069 847 1150 926 οὗ
1197 854 1418 927 τύπον
1461 858 1709 942 ἔσωζεν
1753 850 1792 926 5
1839 860 2213 943 τηνικαῦτα
2256 849 2517 942 Ἰησοῦς.
2590 851 2674 926 οὗ
2714 855 2841 944 γὰρ
2886 849 2975 943 ἦν
3014 855 3310 928 δυνατὸν
3390 879 3413 916 ί

808 963 1071 1028 ἐκεῖνον
1113 963 1321 1044 μέγαν
1363 962 1706 1044 κληθῆναι
1749 959 1953 1040 ἱερέα,
1996 963 2219 1024 καίτοι
2264 957 2545 1039 ἔνδοξον
2588 959 2662 1023 ἐν
2704 963 2914 1027 πᾶσιν
2957 954 3307 1045 γεγονότα,

616 1069 648 1120 5
811 1063 1112 1138 Μωσέως
1142 1056 1231 1145 μὴ
1263 1051 1770 1144 ὀνομασθέντος
1798 1051 2097 1142 μεγάλου
2128 1045 2350 1140 (οὔπω
2380 1055 2505 1141 γὰρ
2534 1061 2735 1143 μέγας
2766 1046 2852 1142 ἦν
2884 1061 3156 1144 Μωσῆς,
3202 1049 3311 1128 ὅτι

807 1163 916 1226 καὶ
983 1151 1314 1242 θεράπων
1375 1153 1664 1244 ἤκουσεν
1707 1161 1879 1224 θεοῦ
1931 1162 2041 1223 καὶ
2095 1152 2257 1235 θεὸς
2301 1160 2427 1224 τοῦ
2474 1156 2726 1240 Φαραώ
2770 1151 2881 1225 ὑπ’
2930 1151 3145 1227 αὐτοῦ
3186 1163 3313 1227 τοῦ

808 1263 978 1328 θεοῦ
1009 1253 1429 1343 ωνομάσθη).
1469 1261 1478 1340 Ι
1517 1259 1574 1324 εἰ
1619 1259 1693 1324 δέ
1736 1281 1839 1336 τις
1868 1253 2045 1323 κατὰ
2076 1259 2289 1324 τοῦτο
2318 1259 2528 1343 μέγαν
2558 1259 2868 1342 εἰρῆσθαι
2900 1252 3028 1324 τὸν
3060 1251 3314 1342 Ἰησοῦν
3382 1269 3428 1322 8
3463 1269 3471 1335 ἕ
3510 1270 3583 1324 11

811 1364 1090 1444 νομίζοι,
1139 1349 1246 1426 ότι
1287 1351 1492 1436 αὐτὸς
1525 1354 1788 1472 ἠξιώθη
1833 1358 2205 1441 εἰσαγαγεῖν
2248 1350 2375 1420 τὸν
2418 1350 2590 1422 λαὸν
2633 1359 2727 1435 εἰς
2773 1352 2902 1442 τὴν
2944 1349 3147 1442 άγίαν
3189 1361 3313 1444 γῆν

812 1464 920 1525 καὶ
955 1458 1148 1542 έτερα
1176 1455 1402 1526 πολλὰ
1433 1452 1791 1541 θαυμαστὰ
1821 1457 2155 1540 ἐποίησεν,
2203 1451 2453 1540 γιῶτω
2484 1459 2595 1520 καὶ
2626 1451 2733 1522 διὰ
2764 1451 3036 1536 τούτου,
3083 1482 3193 1522 οτι
3234 1448 3314 1524 οῦ

585 1567 651 1620 10
813 1563 914 1644 τῷ
949 1561 1212 1643 τυπικῷ
1247 1560 1588 1625 τοσοῦτον
1629 1557 1939 1638 διέφερεν
1970 1548 2314 1640 πράγματι
2346 1549 2426 1620 τὸ
2460 1557 2705 1639 λεχθὲν
2730 1556 3017 1639 μέγεθος
3048 1554 3158 1623 ἐπὶ
3190 1559 3314 1622 τοῦ

809 1653 1034 1743 Ἰησοῦ,
1083 1650 1255 1724 ἀλλὰ
1301 1659 1400 1742 τῷ
1448 1651 1690 1740 μικρὸν
1733 1645 2021 1739 ὕστερον
2051 1653 2177 1723 τὸν
2208 1652 2457 1720 ἑαυτοῦ
2489 1650 2659 1722 λαὸν
2704 1657 2797 1732 εἰς
2842 1650 2972 1740 τὴν
3014 1647 3312 1740 μεγάλην

782 1753 1072 1872 *ταύτην
1115 1748 1532 1840 Ἰερουσαλὴμ
1579 1758 1953 1840 εἰσαγαγεῖν
1994 1755 2400 1840 μέλλον<τι>.

689 1849 849 1944 ὁρᾷς
886 1847 1053 1923 ὅσον
1089 1848 1419 1940 ἠγνόησεν
1455 1848 1971 1940 ἀποπλανηθεὶς
2008 1857 2130 1938 τῆς
2166 1854 2479 1938 ιστορίας,
2529 1857 2640 1920 καὶ
2677 1851 2767 1940 μὴ
2808 1857 3123 1939 δυνηθεὶς
3172 1855 3325 1922 ἐπι-

689 1959 926 2041 στῆσαι
963 1959 1056 2040 τῷ
1089 1949 1223 2021 υπὸ
1254 1958 1380 2022 τοῦ
1409 1949 1774 2040 προφήτου
1787 1958 2141 2078 Ζαχαρίου
2170 1955 2559 2038 δηλωθέντι
2576 1947 2801 2039 Ἰησοῦ.
2847 1945 2885 2020 5
2916 1957 3039 2036 μὲν
3067 1949 3193 2038 γὰρ
3224 1942 3310 2038 ἦν
3378 1962 3419 2014 9

589 2073 651 2124 15
687 2051 829 2134 υιὸς
847 2048 1157 2135 Ἰωσεδέκ,
1189 2057 1404 2171 φυλῆς
1426 2058 1736 2121 Λευιτῶν
1765 2045 1904 2122 άπὸ
1936 2057 2171 2138 γένους
2190 2047 2449 2135 Ἀαρών
2480 2048 2607 2138 τῆν
2638 2047 3138 2139 ἀρχιερωσύνην
3156 2047 3310 2120 άνα-

690 2158 1096 2240 δεδεγμένος
1126 2148 1283 2236 παρ’
1315 2144 1352 2220 ὃ
1383 2157 1492 2220 καὶ
1523 2157 1724 2238 μέγας
1755 2151 1966 2236 ἱερεὺς
1992 2146 2442 2238 ἐχρημάτιζεν,
2476 2147 2703 2236 ω’σπερ
2728 2151 2852 2221 οὐν
2882 2144 2918 2220 5
2948 2146 3309 2238 προφήτης

691 2248 982 2322 διδάσκει
1015 2257 1231 2338 λέγων
1269 2257 1412 2320 »καὶ
1445 2254 1688 2336 ἔδειξέν
1717 2279 1830 2338 μοι
1858 2255 1971 2324 33¹
1999 2249 2227 2336 κύριος
2244 2245 2499 2337 Ἰησοῦν
2529 2249 2655 2321 τὸν
2682 2251 2861 2338 ἱερέα
2894 2247 3019 2318 τὸν
3046 2255 3311 2336 μέγανι.

691 2347 728 2422 5
773 2356 844 2420 δὲ
878 2356 1176 2431 Μωσέως
1221 2349 1530 2438 διάδοχος
1565 2348 1726 2434 [υἱὸς
1755 2357 1917 2438 μέν],
1964 2345 2000 2420 5
2046 2356 2140 2432 εἰς
2184 2348 2313 2438 τὴν
2357 2357 2483 2437 γῆν
2526 2355 2650 2433 τῆς
2694 2353 3090 2436 ἐπαγγελίας
3120 2346 3312 2435 ἄγων
3348 2365 3423 2417 10

691 2450 817 2522 τὸν
863 2447 1033 2521 λαὸν
1076 2457 1186 2519 καὶ
1229 2450 1422 2538 ἕτερα
1465 2449 1692 2520 πολλὰ
1736 2455 1845 2517 καὶ
1891 2449 2247 2537 θαυμαστὰ
2292 2445 2607 2535 ποιήσας,
2672 2446 2846 2533 <υὶός
2906 2453 3060 2535 μὲν>
3122 2444 3309 2566 ἐτύγ-

587 2567 654 2620 20
689 2579 892 2639 χανεν
937 2555 1062 2618 τοῦ
1109 2553 1330 2636 Ναυῆ,
1387 2554 1610 2636 φυλῆς
1663 2552 1733 2618 δὲ
1779 2554 1900 2636 τῆς
1942 2545 2249 2638 Ἐφραίμ,
2296 2545 2495 2618 οῦδὲν
2537 2545 2779 2617 κοινὸν
2822 2545 3094 2636 ἐχούσης
3137 2547 3311 2634 πρὸς

687 2647 1076 2736 ιερωσύνην.
1175 2642 1211 2716 5
1276 2656 1512 2718 τοίνυν
1577 2654 1917 2718 τοσοῦτον
1974 2645 2393 2735 ἀποσφαλεὶς
2456 2653 2577 2735 τῆς
2638 2654 3001 2736 προχείρου
3062 2653 3311 2730 λέξεως

690 2744 900 2837 ψιλήν
958 2775 1032 2818 τε
1095 2746 1224 2835 τὴν
1289 2751 1594 2833 ιστορίαν
1659 2744 1995 2837 ἀγνοήσας
2049 2756 2201 2831 πῶς
2264 2746 2347 2817 ἂν
2401 2753 2672 2836 γένοιτο
2728 2743 3093 2835 ἀξιόχρεως
3136 2743 3309 2833 πρὸς

688 2853 1121 2919 διδασκαλίαν
1168 2853 1288 2935 τῆς
1332 2844 1676 2917 ἀνωτάτω
1723 2856 2112 2936 θεολογίας,·
2174 2856 2283 2917 καὶ
2336 2853 2446 2917 ἐπὶ
2502 2854 2627 2919 τοῦ
2670 2854 2937 2932 Πέτρου
2980 2852 3051 2916 δὲ
3096 2844 3307 2917 ωσαύ-

688 2976 827 3027 τως
872 2950 1223 3033 ἐπιστῆσαι
1279 2954 1432 3017 δέον
1493 2946 1575 3017 τὸ
1635 2940 1822 3029 ὅπως
1884 2952 2125 3037 ἐλέχθη
2178 2947 2349 3034 πρὸς
2400 2947 2615 3019 αὐτὸν
2658 2946 2740 3019 τὸ
2792 2940 3039 3033 »ῦπαγε
3085 2941 3305 3016 ὀπίσω
3346 2965 3417 3016 11

585 3062 651 3116 25
685 3075 874 3135 μουα,
919 3052 1030 3114 ’καὶ
1076 3054 1178 3127 τίς
1223 3042 1262 3135 ἡ
1307 3052 1435 3117 τοῦ
1479 3052 1739 3117 σατανᾶ
1785 3042 2124 3135 ὀνόματος
2169 3049 2509 3135 ἑρμηνεία,
2558 3045 2666 3118 διὰ
2713 3052 2777 3115 τί
2822 3050 2893 3115 δὲ
2931 3053 3043 3116 καὶ
3078 3042 3307 3115 »σκάν-

687 3153 932 3218 δαλον(
994 3141 1206 3215 αὐτὸν
1257 3146 1470 3227 εἶπεν,
1531 3154 1682 3227 πῶς
1744 3152 1814 3216 δὲ
1877 3147 2114 3233 σχεδὸν
2166 3143 2279 3233 ὑφ’
2328 3148 2445 3218 ἕνα
2489 3153 2599 3216 καὶ
2644 3144 2769 3215 τὸν
2812 3141 3025 3216 αὐτὸν
3068 3142 3307 3232 καιρὸν

683 3254 795 3327 καὶ
849 3244 929 3317 τὸ
981 3242 1339 3333 »μακάριος
1392 3247 1453 3315 εἷ
1490 3251 1730 3334 Σίμων
1771 3244 1899 3331 βάρ
1943 3242 2161 3317 Ἰωνᾶ(
2213 3247 2386 3333 πρὸς
2446 3242 2660 3316 αὐτὸν
2720 3248 2992 3331 ἐλέγετο
3053 3250 3165 3315 καὶ
3224 3242 3306 3313 τὸ

693 3340 937 3434 »ὕπαγε
971 3340 1193 3415 ὀπίσω
1221 3372 1368 3432 μου,
1407 3351 1729 3427 σατανᾶσ,
1769 3353 1882 3415 καὶ
1913 3352 2015 3427 τίς
2048 3341 2087 3433 ἡ
2120 3342 2385 3416 διάνοια
2406 3351 2531 3416 τοῦ
2568 3340 2825 3416 »ὀπίσω
2856 3342 3299 3433 πορεύεσθαι(
3349 3360 3419 3413 12

688 3452 838 3533 [καὶ]
897 3450 1020 3513 τοῦ
1073 3449 1382 3531 σωτῆρος
1443 3443 1560 3533 (ἢν
1601 3444 1786 3529 παρὰ
1829 3441 2042 3526 πόδας
2087 3442 2293 3529 αὐτὸς
2350 3442 2754 3531 διεσάφησεν
2800 3440 3104 3530 συνάψας
3162 3444 3311 3531 ἑξῆς

585 3562 652 3616 30
688 3543 769 3615 τὸ
821 3548 916 3613 »εἴ
957 3573 1059 3625 τις
1104 3548 1291 3613 θέλει
1337 3536 1556 3613 ὀπίσω
1600 3572 1730 3631 μου
1775 3550 2023 3627 ἐλθεῖν,
2068 3542 2578 3634 ἀπαρνησάσθω
2622 3542 2874 3613 ἑαυτὸν
2916 3550 3027 3614 καὶ
3074 3539 3307 3631 άράτω

687 3644 814 3715 τὸν
858 3641 1159 3731 σταυρὸν
1202 3638 1432 3725 αὐτοῦ,
1477 3649 1586 3711 καὶ
1619 3639 2091 3715 ἀκολουθείτω
2121 3670 2301 3733 μου·
2349 3638 2386 3715 ὃ
2432 3644 2513 3733 δὴ
2545 3651 2656 3713 καὶ
2688 3645 2864 3732 ἔργῳ
2898 3638 3307 3730 διεπράξατο

685 3741 928 3830 μικρὸν
988 3736 1271 3829 ὕστερον
1331 3738 1538 3823 αὐτὸς
1599 3739 1638 3813 5
1697 3749 1987 3829 Πέτρος,
2048 3753 2393 3833 μαρτυρίᾳ)
2460 3748 2900 3829 τελειωθείς),
2965 3738 3137 3812 ἀλλὰ
3196 3747 3307 3811 καὶ
3347 3751 3413 3804 13

689 3847 1080 3931 ἐπιζητῆσαι
1124 3846 1282 3911 δεόν
1327 3846 1437 3910 ἐπὶ
1479 3851 1706 3924 ποίοις
1749 3850 1871 3930 μὲν
1916 3839 2129 3913 αὐτὸν
2158 3842 2575 3932 ἐμακάρισεν,
2620 3846 2729 3913 ἐπὶ
2760 3850 2985 3923 ποίοις
3016 3848 3086 3912 δὲ
3116 3836 3305 3927 αὐτῷ

689 3946 1084 4030 ἐπέπληξεν·
1172 3934 1208 4008 5
1256 3944 1326 4009 δὲ
1369 3946 1603 4028 μηδενὶ
1649 3941 1924 4012 τούτων
1980 3945 2458 4031 προσεσχηκώς
2520 3938 2709 4012 ταῦτ’
2774 3946 3079 4029 εἰρῆσθαι
3136 3938 3311 4028 πρὸς

863 4114 890 4165 1
949 4110 1145 4163 Matth.
1186 4110 1264 4175 16,
1301 4110 1368 4163 23
1414 4140 1480 4147 --
1526 4110 1564 4165 6
1609 4110 1707 4165 Ex.
1749 4115 1826 4175 14,
1867 4116 1929 4167 31
1968 4131 2097 4166 usw,
2152 4145 2219 4153 --
2273 4112 2370 4167 Ex.
2428 4118 2474 4180 7,
2530 4116 2559 4165 1
2614 4142 2679 4150 —-
2733 4112 2770 4167 8
2826 4110 2987 4164 Dent.
3022 4110 3106 4179 31,
3140 4111 3207 4164 23
3242 4140 3313 4149 -

692 4214 760 4267 17
806 4212 964 4266 Zach.
1001 4214 1048 4276 3,
1087 4215 1115 4263 1
1163 4240 1227 4248 —
1261 4210 1406 4265 241³
1436 4210 1633 4265 Matth.
1675 4215 1754 4279 16,
1791 4216 1857 4269 23
1895 4244 1961 4253 -
1998 4214 2073 4269 27
2113 4212 2313 4267 Matth.
2353 4218 2432 4283 16,
2472 4217 2532 4267 17
2572 4242 2635 4253 —
2672 4212 2753 4270 28
2788 4210 2987 4265 Matth.
3026 4213 3106 4276 16,
3142 4212 3207 4266 23
3243 4240 3313 4249 -—

689 4313 769 4369 80
807 4313 1003 4367 Matth.
1043 4316 1120 4373 16.
1158 4313 1224 4365 24

859 4464 894 4519 5
933 4458 1092 4518 οὔπω
1127 4464 1206 4517 Re
1243 4456 1391 4519 οὕτω
1431 4467 1480 4519 V
1511 4467 1520 4531 Ι
1553 4467 1588 4521 8
1627 4466 1845 4533 νομίζει
1871 4466 1935 4532 V,
1975 4482 2111 4521 corr.
2134 4484 2191 4519 m
2230 4467 2238 4535 Ι
2278 4468 2315 4521 9
2352 4464 2625 4533 θαύματα
2648 4466 2711 4531 V,
2749 4481 2886 4519 corr.
2917 4463 2987 4519 Kl
3024 4462 3135 4533 vgl.
3165 4464 3218 4517 Z.
3246 4464 3313 4519 19

695 4566 700 4633 1
745 4566 862 4620 111*
892 4571 968 4635 τῷ
1007 4606 1020 4620 .
1059 4606 1070 4619 .
1109 4606 1120 4618 .
1158 4563 1422 4633 μέλλοντι
1457 4568 1563 4636 (od.
1600 4567 1844 4636 μέλλειν)
1880 4570 1959 4622 Re
1994 4566 2060 4623 τὸ
2098 4610 2110 4621 .
2151 4608 2163 4619 .
2201 4608 2213 4621 .
2250 4564 2463 4635 μέλλον
2498 4567 2547 4619 V
2596 4570 2605 4631 1
2658 4567 2732 4621 19
2769 4562 2891 4630 υἱὸς
2923 4563 3049 4634 μὲν]
3084 4564 3205 4619 hier
3238 4564 3313 4617 Kl

691 4669 802 4740 vgl.
839 4684 894 4719 m
928 4684 981 4720 11.
1017 4668 1070 4720 Z.
1111 4670 1174 4722 18
1227 4670 1236 4735 Ι
1293 4670 1369 4723 29
1406 4671 1504 4723 καὶ
1540 4672 1628 4723 str-
1671 4670 1748 4722 V¹
