3694 5582
1134 495 1202 550 de
1236 495 1608 551 ecclesiastiea
1637 493 1923 563 theologia
1956 493 2007 546 II
2043 494 2261 548 14—16.
2890 500 3007 560 119

519 664 630 730 καὶ
691 663 814 748 τῆς
881 656 1264 748 προσούσης
1333 665 1437 749 τῷ
1510 655 1694 749 λόγῳ
1763 664 2007 743 σοφίας
2078 659 2393 744 ἐννοῆσαι
2464 661 2617 743 περὶ
2688 661 2811 744 τῆς
2882 662 3011 726 τοῦ

521 753 818 847 ούρανοῦ
858 765 1278 848 κατασκευῆς
1323 757 1448 829 τὸν
1487 755 1678 842 θεόν,
1721 755 2010 838 εἰκότως
2056 759 2182 844 ἔφη
2219 752 2455 844 »ἡνίκα
2493 750 2853 845 ἦτοίμαζεν
2883 753 3010 826 τὸν

521 852 836 944 οὐρανόν,
877 854 1324 946 συμπαρὴμην
1367 854 1618 947 αύτῷε.

397 952 529 1027 εἶθ’
574 957 724 1045 ἑξῆς
766 957 1036 1044 προϊών
1079 951 1250 1045 ὁμοῦ
1293 964 1406 1026 καὶ
1449 954 1853 1028 ἐνδιάθετον
1897 953 2023 1026 τὸν
2066 961 2192 1027 τοῦ
2240 959 2410 1024 θεοῦ
2456 951 2669 1042 λόγον
2698 962 3007 1044 παρίστη,
3044 963 3079 1016 3

325 1073 358 1124 5
393 1052 682 1144 γράφων
727 1048 951 1139 οῦτως

523 1159 661 1243 (Nr.
705 1161 810 1243 52)
856 1162 960 1236 τίς
1002 1153 1129 1244 γὰρ
1173 1148 1398 1237 οῦτως
1439 1150 1484 1242 ἢ
1528 1161 1677 1226 τῶν
1721 1151 1938 1243 ἁγίων
1969 1150 2278 1244 ἀγγέλων
2322 1148 2366 1242 ἢ
2410 1147 2685 1241 ἀνδρῶν
2728 1159 3011 1224 δικαίων

521 1250 916 1342 ἀξιόπιστος
958 1245 1046 1343 ἦν
1089 1253 1220 1344 τὴν
1263 1259 1336 1325 ἐκ
1365 1255 1746 1342 προσώπου
1789 1262 1917 1327 τοῦ
1960 1261 2131 1327 θεοῦ
2166 1251 2556 1342 ὁρισθεῖσαν
2584 1248 2774 1342 αύτῷ
2806 1279 3011 1341 τιμω-

520 1363 674 1443 ρίαν
719 1361 931 1439 λῦσαι,
975 1357 1035 1426 εἰ
1076 1353 1166 1444 μὴ
1213 1351 1418 1435 αύτὸς
1463 1349 1500 1425 ὁ
1547 1350 1748 1443 λόγος
1793 1384 1832 1425 ο
1876 1353 2251 1442 συμπαρών
2281 1381 2357 1423 τε
2386 1361 2501 1422 καὶ
2530 1348 3009 1439 συμπλάττων,

518 1453 688 1543 πρὸς
735 1449 819 1525 ὃν
860 1449 898 1526 6
942 1453 1172 1544 πατὴρ
1219 1451 1650 1544 »ποιήσωμεν
1692 1451 2110 1540 ανθρωπον«
2162 1455 2325 1542 ἔφη,·

291 1566 358 1620 10
393 1553 670 1637 τούτοις
715 1555 864 1644 ἑξῆς
907 1559 1224 1641 διασαφεῖ
1262 1549 1508 1626 ὁποῖον
1553 1549 1798 1642 εἰσάγει
1839 1551 2054 1641 λόγον
2099 1549 2387 1640 φάσκων
3044 1557 3081 1608 4

520 1657 654 1740 (Nr.
702 1661 806 1740 52)
849 1649 1000 1725 ἄλλ’
1049 1658 1110 1724 εἴ
1151 1682 1254 1736 τις
1295 1661 1513 1743 μικρῷ
1560 1681 1697 1724 τινι
1747 1661 1863 1724 καὶ
1908 1649 2333 1741 ἀνθρωπίνῳ
2378 1646 2536 1722 καθ’
2584 1647 2755 1740 ἡμᾶς
2796 1677 3009 1739 παρα-

519 1761 824 1843 δείγματι
879 1752 1227 1843 χρώμενος
1289 1749 1388 1836 ὦς
1447 1751 1556 1824 διὰ
1611 1750 1875 1836 εἰκόνος
1936 1751 2066 1843 τὴν
2125 1758 2321 1824 θείαν
2382 1747 2681 1838 ἐξετάζοι
2740 1756 3015 1838 πρᾶξιν·

521 1851 752 1942 ωσπερ
823 1882 910 1923 αν
981 1858 1041 1924 εἴ
1109 1883 1212 1934 τις
1281 1849 1856 1940 άνδριαντοποιὸς
1934 1849 2329 1974 ἐπιστῆμων
2399 1847 2570 1940 ἀνὴρ
2642 1847 3013 1939 ἀνδριάντα

521 1951 776 2025 πλάσαι
805 1950 1235 2042 βουλόμενος,
1273 1958 1564 2040 πρῶτον
1629 1957 1639 2040 Ι
1704 1959 1826 2042 μὲν
1884 1951 2044 2036 τοὺς
2090 1951 2347 2034 τύπους
2400 1945 2613 2020 αὐτοῦ
2658 1957 2769 2020 καὶ
2808 1950 3173 2039 zava-12⁶

291 2065 356 2116 15
519 2059 774 2143 κτῆρας
803 2053 930 2124 ἐν
907 2059 1128 2142 εαυτῷ
1159 2071 1416 2137 σκοπεῖ,
1462 2052 1696 2123 ἐ’πειτα
1736 2049 2003 2134 πλάτος
2045 2079 2121 2122 τε
2161 2057 2274 2121 καὶ
2315 2057 2529 2141 μῆκος
2573 2041 2739 2120 όσον
2781 2045 3015 2138 εύπρε-

520 2160 642 2234 πὲς
685 2157 922 2236 ἐννοεῑ,
969 2149 1341 2240 ἀναλογίαν
1385 2180 1461 2223 τε
1507 2158 1636 2223 τοῦ
1677 2149 1941 2234 παντὸς
1986 2155 2060 2223 ἐν
2106 2156 2205 2239 τῷ
2251 2146 2411 2222 καθ’
2460 2151 2747 2221 ἕκαστον
2790 2146 3013 2236 ἐξετά-

524 2263 618 2338 ζει
683 2257 890 2341 μέρει,
963 2256 1220 2339 χαλκοῦ
1280 2279 1356 2321 τε
1418 2248 1550 2341 τὴν
1608 2247 2010 2338 πρόσφορον
2071 2248 2431 2340 ἑτοιμάσας
2488 2246 2662 2340 ύλην
2720 2256 2830 2318 καὶ
2887 2248 3013 2320 τὸν

525 2348 846 2440 ἐσόμενον
908 2348 1281 2438 ἀνδριάντα
1333 2357 1419 2439 τῇ
1474 2352 1721 2422 ἑαυτοῦ
1770 2351 2233 2437 προτυπώσας
2276 2355 2542 2441 διανοίᾳ
2584 2355 2696 2419 καὶ
2740 2355 3013 2438 νοητῶς

523 2445 692 2538 ορᾶν
721 2459 1002 2540 νομίσας
1031 2452 1355 2532 συνειδώς
1385 2477 1460 2521 τε
1490 2452 1712 2541 ἑαυτῷ
1759 2467 2103 2538 συνεργεῖν
2133 2445 2264 2519 τὸν
2293 2445 2522 2536 λόγον,
2568 2440 2627 2538 ᾧ
2671 2455 3013 2536 λογίζεται

291 2567 359 2620 ‘20
521 2557 632 2622 καὶ
677 2542 734 2641 ᾦ
784 2548 1014 2622 πάντα
1057 2546 1390 2639 πράττειν
1451 2552 1700 2620 εἴωθεν
1762 2545 1991 2636 (οὐδὲν
2051 2547 2175 2636 γὰρ
2234 2547 2325 2638 μὴ
2380 2544 2565 2638 λόγῳ
2608 2544 3012 2676 γιγνόμενον

519 2648 780 2735 καλόν),
823 2647 1190 2740 ἀρχόμενος
1235 2655 1358 2738 τῆς
1398 2654 1734 2740 αἰσθητῆς
1763 2645 2019 2737 ταύτης
2062 2652 2370 2736 ἐργασίας
2411 2648 2584 2738 πρὸς
2627 2648 2875 2720 ἑαυτὸν
2916 2677 3012 2732 ως

521 2747 694 2837 πρὸς
737 2751 972 2839 ἕτερον
1015 2746 1546 2837 παρακελεύεται
1589 2755 1836 2837 λέγων·
1881 2746 1999 2836 ἄγε
2040 2746 2449 2839 ποιήσωμεν,
2495 2777 2612 2839 αγε
2641 2745 3014 2840 πλάσωμεν

522 2844 922 2972 ἀνδριάντα·
995 2842 1218 2931 οὕτως
1279 2844 1316 2919 6
1379 2855 1527 2918 τῶν
1587 2842 1778 2919 ὅλων
1829 2846 2167 2935 δεσπότης
2208 2848 2373 2932 θεὸς
2418 2848 2545 2921 τὸν
2596 2853 2896 2938 ἔμψυχον
2940 2853 3014 2920 ἐκ

521 2956 642 3039 γῆς
686 2945 1056 3038 ἀνδριάντα
1097 2976 1328 3021 ποιων
1369 2945 1494 3019 ούκ
1556 2947 1750 3039 αλλῳ
1813 2955 1951 3020 τινὶ
2014 2942 2189 3020 ἀλλὰ
2250 2957 2354 3040 τῷ
2418 2950 2665 3022 ἑαυτοῦ
2722 2977 3011 3038 παρακε-

293 3064 358 3118 25
522 3047 790 3120 λεύεται
834 3046 1020 3137 λόγῳ
1071 3046 1498 3136 »ποιήσωμεν
1541 3046 1962 3136 ανθρωπονι
2016 3054 2259 3137 λέγων.
3131 3108 3182 3139 „m
3222 3096 3249 3118 ι.
3314 3112 3323 3125 .

394 3146 506 3217 δια
551 3146 828 3218 τούτων
871 3152 1174 3236 ἐναργῶς
1226 3152 1339 3217 καὶ
1390 3144 1796 3218 ἐνδιάθετον
1850 3145 2061 3236 λόγον
2114 3139 2173 3236 ᾧ
2229 3154 2680 3237 διαλογίζεταί
2740 3176 2844 3230 τις
2902 3155 3015 3218 καὶ
3134 3222 3139 3229 ,

393 3246 830 3336 προφορικόν
873 3238 931 3335 ᾧ
975 3251 1354 3365 διαλέγεται
1395 3252 1753 3335 προσῆψεν
1799 3254 1902 3338 τῷ
1947 3254 2116 3337 θεῷ,
2163 3245 2487 3319 τοιοῦτόν
2518 3275 2672 3320 τινα
2705 3248 2857 3319 οἷον
2886 3246 3014 3318 τὸν
3072 3277 3080 3292 ·
3118 3282 3125 3289 ·

394 3342 551 3417 καθ
599 3342 770 3435 ἡμᾶς
811 3353 924 3417 καὶ
968 3343 1096 3417 τὸν
1141 3348 1216 3415 ἐν
1261 3352 1363 3436 τῷ
1408 3353 1554 3436 θεῷ
1602 3348 1774 3417 εἶναι
1815 3344 2026 3435 λόγον
2068 3343 2509 3435 ύποθέμενος.
2556 3378 2594 3407 ὰ
2630 3359 2693 3401 Ν
2724 3378 2751 3409 ’
2765 3368 2829 3406 ι’
2855 3384 2909 3410 ‹-
2938 3392 3087 3427 ..η-ις,
3138 3319 3402 3426 ,-,,’,.Ῑ”«’
3538 3420 3587 3438 r,
3677 3428 3678 3435 ἵ

562 3452 650 3519 16
713 3451 930 3516 ταῦτα
989 3452 1112 3535 μὲν
1162 3437 1288 3516 οὖν
1347 3442 1578 3516 πάντα
1631 3474 1730 3527 ως
1781 3442 2113 3533 άρνητικά
2167 3443 2478 3536 τυγχάνει
2522 3452 2649 3518 τοῦ
2691 3450 2843 3518 υἱοῦ
2888 3453 3014 3517 τοῦ
3104 3429 3369 3547 &asylus
3396 3444 3424 3515 j
3452 3436 3629 3522 (ις’..ῗι
3676 3450 3678 3495 ³

298 3561 362 3615 30
394 3552 596 3629 θεοῦ,
651 3541 850 3616 ουδὲν
906 3542 1644 3634 προσεπεξεργάςεσθαι
1699 3550 1814 3616 δεῖ.
1902 3551 2236 3615 τοσοῦτον
2292 3551 2362 3617 δὲ
2413 3547 2599 3634 οἶμαι
2641 3544 3015 3635 προσήκειν
3066 3534 3167 3613 τῆς

3233 3524 3374 3583 τάν·ι
3392 3555 3404 3572 ⁴
3424 3509 3532 3584 *ἔθ’
3571 3555 3589 3578 t

3050 3594 3183 3669 δρὸς
3215 3614 3385 3650 κακο-
3400 3612 3410 3636 ‘
3426 3605 3469 3629 ·‘·
3494 3613 3501 3625 ·
3524 3607 3551 3628 ⁶
3576 3611 3581 3621 ·

394 3647 842 3732 ἐπερωτῆσαι,
889 3650 948 3715 εἰ
991 3642 1072 3734 δὴ
1118 3644 1210 3727 εἷς
1252 3644 1416 3726 θεὸς
1460 3647 1547 3733 ῆν
1591 3649 1704 3715 καὶ
1749 3640 1947 3716 ούδὲν
1991 3644 2242 3731 ἕτερον,
2286 3642 2369 3717 ού
2409 3644 2639 3734 πατὴρ
2684 3640 2805 3733 οὐχ
2845 3642 3012 3767 υἱός,
3118 3665 3325 3729 δοξίας
3374 3670 3411 3747 ἁ·

395 3749 462 3812 τί
505 3742 963 3830 κατεψεύδετο
1008 3752 1156 3817 τῶν
1198 3742 1546 3816 τοιούτων
1591 3738 1959 3831 ὀνομάτων
2003 3740 2044 3831 ἦ
2074 3743 2347 3864 ἱ,γραφή,·
2407 3752 2475 3815 τί
2527 3750 2600 3816 δὲ
2652 3750 2765 3816 καὶ
2809 3740 3017 3825 αὐτὸς
3358 3741 3366 3749 ’

394 3840 798 3933 Μάρκελλος
847 3839 1317 3931 ὑποκρίνεται,
1380 3842 1509 3914 τὸν
1567 3842 1656 3932 μὴ
1718 3841 1871 3913 υἱὸν
1926 3838 2101 3914 ἀλλὰ
2144 3842 2355 3932 λόγον
2396 3843 2548 3916 υἱὸν
2609 3839 3015 3929 αποκαλῶν,·

392 3948 504 4012 καὶ
547 3941 778 4031 ἐπειδὴ
819 3949 1140 4031 κέχρηται
1189 3947 1678 4032 παραδείγματι
1732 3949 1834 4031 τῷ
1892 3947 1966 4014 ἐν
2010 3939 2413 4029 ἀνθρώποις
2456 3942 2668 4033 λόγῳ,
2736 3949 3015 4015 λεκτέον

295 4058 360 4112 35
395 4039 491 4124 αἶς
535 4037 620 4115 ού
660 4048 794 4125 πᾶς
838 4040 1215 4131 ἄνθρωπος
1257 4041 1409 4115 υἰόν
1455 4046 1610 4130 ἔχει,
1672 4042 1947 4131 λογικὸς
1999 4035 2103 4115 ὢν
2154 4051 2267 4115 καὶ
2311 4042 2437 4115 τὸν
2491 4050 2759 4133 συμφυᾶ
2802 4042 3015 4133 λόγον

565 4262 602 4318 2
639 4262 802 4316 Prov.
837 4264 886 4330 8,
921 4264 987 4318 27
1023 4292 1090 4301 —
1126 4265 1164 4319 9
1204 4264 1340 4319 Gen.
1376 4267 1426 4331 1,
1461 4264 1528 4319 26
1562 4294 1630 4303 -
1675 4264 1753 4320 25
1799 4264 1934 4319 Gen.
1972 4267 2021 4331 1,
2055 4265 2122 4321 26
2165 4294 2233 4303 -
2285 4265 2359 4320 81
2400 4266 2515 4337 ng.
2549 4264 2643 4319 Νι.
2678 4268 2761 4321 54.
2796 4266 2879 4321 92.
2916 4265 3019 4321 108

393 4382 446 4418 u.
483 4370 530 4419 ὃ.
567 4393 635 4403 -
673 4364 754 4419 84
789 4364 900 4434 vgl.
935 4364 1014 4418 Νι·
1048 4368 1133 4419 55.
1169 4368 1236 4421 56

561 4564 597 4621 θ
642 4563 720 4634 ἦῖ]
757 4572 822 4629 -Ι-
858 4570 974 4620 τῶν
1007 4584 1038 4619 1·
1100 4568 1108 4635 1
1173 4568 1251 4622 11
1308 4563 1674 4640 ἀνθρωπίνῳ]
1711 4565 1824 4635 vgl.
1863 4584 1929 4619 zu
1965 4567 2015 4620 S.
2050 4570 2135 4633 41,
2171 4568 2237 4621 31
2302 4570 2312 4635 Ι
2378 4568 2455 4623 18
2508 4564 2564 4623 εἰ
2594 4574 2661 4626 <
2698 4566 2823 4621 and.
2860 4567 2935 4620 St.
3002 4568 3011 4634 Ι

395 4668 472 4723 24
510 4665 956 4741 παρακελεύεται
993 4666 1117 4721 and.
1155 4667 1232 4721 St.
1268 4664 1688 4738 παρακελεύετο
1726 4666 1807 4721 V*
1847 4668 2070 4741 (παρεκ.
2106 4667 2203 4737 V2)
