3694 5582
612 1577 678 1630 10

614 2073 680 2124 15

609 2569 676 2620 ‘20

611 3558 679 3611 30

718 505 790 562 14
1371 489 1376 496 ’
1902 493 2171 548 Eusebius

919 663 959 731 3
1003 661 1136 744 (Nr.
1190 663 1332 745 112)
1402 656 1612 728 Ουδὲν
1674 657 1798 748 γὰρ
1845 657 2133 728 ἄτοπον
2198 661 2397 744 οἶμαι,
2460 662 2535 729 ἐν
2598 665 2698 747 τῷ
2758 654 3048 746 παρόντι
3094 653 3327 746 ὀλίγον
3362 674 3577 758 ἱίαρκὲζ
3566 695 3624 730 ου

840 767 986 829 τῶν
1031 763 1292 844 ἔξωθεν
1334 755 1716 847 υπομνῆσαί
1761 783 1828 828 σε
1877 767 2282 846 παροιμιῶν.
3360 747 3481 815 πδεὶ
3509 752 3566 797 τῖ’]
3622 761 3624 792 ³

922 855 1128 928 4ΛΛ’
1175 867 1246 927 Il
1273 866 1770 929 ΊΕΘΝΗΚΕΝ
1800 866 1872 927 Η
1894 865 2333 928 ΔιΔΑΣΚΕι
2352 866 2877 930 ΓΡΑΜΜΑΊἈ.
2924 860 3181 950 ταύτην
3200 860 3328 948 τὴν
3361 807 3619 944 {3⁰23}

838 968 1208 1047 παροιμίαν
1237 956 1408 1044 πρὸς
1460 987 1582 1047 μεν
1613 957 1692 1028 τὸ
1727 957 2146 1046 φαινόμενον
2178 966 2305 1030 τοῦ
2334 957 2719 1048 γράμματος
2748 957 3081 1043 υπολᾶβοι
3112 958 3195 1029 ἄν
3224 988 3331 1041 τις
3368 975 3438 1029 15
3469 969 3555 1014 μω
3546 967 3587 997 '·¹

837 1058 1014 1129 κατὰ
1059 1064 1204 1128 τῶν
1250 1057 1604 1147 γράμματα
1651 1055 2122 1128 διδασκόντων
2168 1064 2502 1146 dorso-§hu-
2576 1064 2717 1130 ἐπεὶ
2764 1068 2873 1130 καὶ
2938 1056 3167 1146 ἕτερός
3228 1087 3331 1141 τις

841 1165 984 1228 τῶν
1025 1157 1186 1246 παρ’
1237 1155 1465 1241 αὐτοῖς
1515 1163 1890 1240 »ἐδίδασκες
1932 1155 2306 1246 γράμματα,
2352 1161 2485 1246 ἐγὼ
2534 1155 2591 1229 ‹5’
2636 1163 2976 1246 ἐφοίτων(
3030 1163 3178 1247 ἔφη.
3250 1158 3330 1230 τὸ

839 1255 896 1328 δ’
943 1256 1064 1346 οὐχ
1108 1251 1334 1340 οὕτως
1379 1262 1549 1346 ἔχειν
1595 1261 1660 1328 οἱ
1717 1258 1798 1328 τὰ
1862 1255 2313 1348 ὑπομνήματα
2372 1257 2757 1348 γράψαντες
2816 1261 3100 1346 ἔφασαν·
3184 1254 3331 1330 ἄλλ’

839 1357 1068 1446 ἐπειδὴ
1112 1355 1516 1445 Ἀθηναίους
1561 1365 1993 1442 Σικελιῶται,
2050 1365 2274 1444 φασίν,
2319 1365 2597 1447 πολέμῳ
2646 1356 3039 1448 νικήσαντες
3082 1357 3333 1446 μόνους

840 1461 1096 1544 ἔσωζον
1161 1457 1320 1538 τούς
1381 1465 1691 1528 παιδείαν
1755 1465 2296 1546 σκηπτομένους,
2370 1456 2813 1539 διδασκάλους
2876 1455 3124 1539 αὐτοὺς
3184 1476 3331 1540 τοῖς

837 1563 1067 1628 παισὶν
1111 1555 1420 1644 ἄγοντες,
1487 1557 1646 1638 τοὺς
1693 1563 1762 1627 δὲ
1808 1558 2059 1638 ἄλλους
2102 1554 2368 1637 πάντας
2420 1554 2777 1644 ἐφόνευον,
2840 1562 2910 1642 ἐξ
2969 1553 3202 1628 αὐτῶν
3246 1554 3329 1645 δή

839 1687 1028 1738 τινας
1075 1653 1420 1744 φυγόντας
1463 1667 1573 1728 καὶ
1619 1654 2133 1739 ἐπανελθόντας
2164 1661 2649 1746 ἐρωτωμένους
2681 1686 2753 1727 τε
2784 1655 2918 1727 ὑπὸ
2950 1654 3329 1746 Ἀθηναίων

840 1764 992 1843 περί
1055 1783 1268 1827 τινων
1311 1753 1787 1844 διαφερόντων
1835 1753 2066 1838 αὐτοῖς
2128 1761 2387 1842 ἔφασαν
2450 1759 2783 1845 εἰρηκέναι
2828 1753 3034 1825 ΑΛΛ’
3080 1765 3153 1825 Η
3202 1765 3330 1824 ΤΕ-

843 1863 1243 1938 ΘΝΗΚΕΝ,
1291 1864 1359 1923 II
1397 1862 1836 1926 ΔΙΔΑΣΚΕΙ
1870 1862 2393 1926 FPAMMATA.

925 1964 992 2026 τί
1022 1961 1092 2025 δὲ
1122 1962 1232 2025 καὶ
1265 1953 1346 2025 τὸ
1379 1961 1538 2030 ΑῘΞ
1568 1965 1754 2024 ΤΗΝ
1772 1963 2305 2039 ᾹῙΑΧΑΙΡΑΝς
2336 1965 2667 2041 νομίσειεν
2702 1954 2785 2025 ἄν
2818 1985 2920 2037 τις
2952 1960 3327 2044 [εἰρῆσθαιΙ,
3396 1974 3427 2026 2

841 2059 952 2124 ἵνα
998 2063 1108 2126 θῶ
1153 2053 1498 2143 πρότερον
1544 2056 1631 2126 τὰ
1674 2065 1828 2144 περὶ
1874 2053 2083 2146 αὐτῆς
2130 2053 2474 2145 λεγόμενα,
2520 2053 2803 2136 πάντως
2845 2083 2983 2126 που
3025 2051 3135 2125 διὰ
3180 2053 3329 2142 <τὸ>

845 2155 972 2242 τὴν
1007 2160 1365 2278 ,θυομενην
1410 2157 1565 2243 αἶγα
1609 2161 1698 2237 εἰς
1743 2156 1875 2244 τὴν
1910 2155 2259 2282 ’μάχαιραν
2321 2151 2591 2242 ἀφορᾶν
2650 2161 2955 2244 εἰρῆσθαι
3018 2153 3145 2242 τὴν
3208 2183 3331 2224 πα-

843 2259 1140 2375 ροιμίανῑ
1198 2251 1342 2326 ἄλλ’
1381 2249 1532 2324 οἶτι
1579 2283 1648 2342 γε
1683 2251 1871 2326 τοῦτ’
1906 2259 2165 2339 ἔφασαν
2195 2259 2259 2326 οἱ
2290 2260 2595 2326 παλαιοί·
2642 2252 2795 2326 ουδὲ
2841 2253 2964 2342 γὰρ
3008 2261 3333 2340 παροιμία

843 2355 924 2439 ὴν
971 2350 1054 2422 ἀν
1099 2383 1140 2440 η
1188 2367 1518 2442 λεχθπεῖσα
1567 2359 1692 2442 ε’ίγε
1742 2351 1940 2425 τοιθ’
1987 2348 2217 2436 οὕτως
2270 2355 2441 2441 εἶχεν
2486 2360 2725 2433 (τοῦτο
2770 2353 2895 2442 γὰρ
2940 2351 3336 2425 ἀκόλουθον

841 2455 923 2540 ἠν
968 2458 1041 2521 ὲκ
1087 2461 1233 2523 τῶν
1277 2483 1608 2543 φαινομει
1614 2483 1716 2523 ων
1761 2459 2065 2540 ἐννοεῖν),
2114 2450 2258 2524 ἀλλ’
2292 2457 2399 2524 ἐπὶ
2446 2461 2591 2523 τῶν
2638 2455 2903 2534 ἑαυτοῖς
2948 2451 3122 2523 κακὰ
3166 2480 3333 2540 προ-

843 2550 1234 2634 ξενούντων
1273 2559 1574 2642 εἰρῆσθαι
1623 2551 1832 2624 τοῦτό
1866 2581 2087 2640 φασιν.
2153 2561 2360 2640 φασὶν
2390 2553 2513 2674 γὰρ
2546 2551 2852 2641 Μήδειαν
2894 2555 2967 2622 ἐν
3001 2559 3329 2640 Κορίνθῳ

839 2650 924 2718 τὰ
970 2657 1176 2722 τέκνα
1221 2650 1722 2725 ἀποκτείνασαν
1765 2652 2197 2739 κατακρύψαι
2241 2652 2372 2740 τὴν
2414 2651 2747 2740 μάχαιραν
2810 2649 3083 2723 αὐτόθι·
3170 2650 3333 2732 τούς

840 2756 908 2821 δὲ
958 2757 1369 2839 Κορινθίους
1413 2753 1585 2824 κατὰ
1625 2751 1927 2842 χρησμὸν
1971 2750 2205 2835 αὐτοῖς
2248 2759 2549 2824 δοθέντα
2592 2755 2747 2841 αἶγα
2802 2758 3125 2841 μέλαιναν
3184 2756 3331 2823 ἐνα-

841 2859 1152 2938 γίζοντας
1199 2847 1478 2939 ἀπορεῖν
1519 2860 1860 2942 μαχαίρας,
1908 2856 2038 2943 τὴν
2084 2860 2154 2924 δὲ
2196 2856 2347 2942 αἶγα
2391 2851 2819 2924 σκάλλουσαν
2862 2860 2963 2942 τῷ
3008 2858 3167 2922 ποδὶ
3200 2850 3330 2939 τὴν

843 2954 1138 3039 ΊΙηδείας
1183 2947 1489 3039 ἀνευρεῖν
1532 2952 1868 3041 μάχαιραν
1910 2962 2021 3025 καὶ
2066 2951 2239 3041 αυτῇ
2285 2959 2595 3042 τυθῆναι.

919 3056 986 3119 τί
1028 3056 1098 3119 δὲ
1131 3050 1210 3122 τὸ
1253 3058 1484 3121 MD:
1508 3061 1655 3123 Am
1660 3062 1802 3123 ΟΣ
1838 3062 2170 3142 σημαίνει,·
2216 3061 2378 3142 φησί
2426 3078 2553 3135 τις·
2616 3048 2697 3124 οὗ
2740 3051 2867 3140 γὰρ
2912 3047 3210 3121 δυνατὸν
3252 3052 3329 3119 ἐκ
3396 3066 3429 3119 3

839 3155 964 3219 τοῦ
1005 3159 1368 3238 προχείρου
1408 3154 1803 3240 γιγνώσκειν
1850 3153 1977 3241 τὴν
2008 3161 2388 3243 παροιμίαν.
2464 3158 2528 3224 οἱ
2556 3161 2858 3226 παλαιοί,
2906 3146 3002 3232 ὦς
3048 3154 3327 3235 εφασαν,

835 3248 970 3335 πρὸ
1017 3256 1138 3338 τῆς
1183 3258 1310 3319 τοῦ
1354 3258 1546 3321 σίτου
1590 3262 1915 3341 γεωργίας
1958 3260 2621 3342 βαλανηφαγοῦντες,
2680 3252 2907 3340 ἐπειδὴ
2954 3279 3051 3331 ως
3096 3242 3327 3337 ᾠόντο

841 3342 878 3415 ὁ
923 3347 1184 3433 καρπὸς
1229 3341 1434 3431 οὗτος
1477 3345 1764 3439 ὕστερον
1825 3356 2097 3441 εὓρεᾛθη
2164 3358 2398 3442 ἐκείνῳ
2462 3356 2911 3439 προσέχοντες
2974 3348 3101 3419 τὸν
3162 3350 3329 3419 νοῦν

837 3454 946 3515 καὶ
997 3455 1076 3533 τῇ
1121 3458 1462 3537 μεταβολῇ
1503 3459 2035 3538 προσχαίροντες
2068 3460 2297 3522 ΑΛΙΣ
2322 3460 2616 3522 ΔΡΙὊΣ
2656 3455 2915 3538 ε’λεγον·
2974 3456 3087 3518 καὶ
3120 3452 3329 3518 τοῦτο

837 3550 948 3616 34*
985 3547 1124 3645 silv
1166 3557 1536 3636 παροιμίαν
1583 3556 1841 3635 ἔφασαν
1886 3554 2071 3621 εἶναι.

924 3648 1123 3726 αὖθίς
1195 3676 1268 3715 τε
1341 3648 1572 3736 ἑτέρας
1642 3659 2004 3739 παροιμίας
2064 3648 2199 3723 ὑπὸ
2260 3661 2609 3723 πλείστων
2670 3657 2817 3719 τῶν
2876 3645 3038 3737 παρ’
3098 3646 3331 3729 αὐτοῖς
3399 3664 3433 3715 4

841 3752 1080 3833 σοφῶν
1125 3750 1198 3814 ἐν
1241 3755 1585 3829 πλείστοις
1628 3756 1736 3818 καὶ
1782 3756 2137 3836 διαφόροις
2180 3760 2461 3835 βιβλίοις
2524 3757 2895 3840 εἰρημένης,
2958 3752 3117 3818 τίνα
3176 3755 3331 3833 περὶ

842 3840 1048 3932 αὐτῆς
1094 3842 1505 3933 γεγράφασιν
1550 3852 1614 3918 οἱ
1659 3849 1781 3931 τὰς
1823 3858 2185 3939 παροιμίας
2232 3852 2622 3938 ἑρμηνεῦσαι
2650 3845 3101 3935 προελόμενοι
3132 3844 3329 3933 ἄναγ-

890 4013 920 4066 1
937 4015 988 4068 ss*
1027 4014 1138 4082 vgl.
1159 4013 1246 4067 die
1265 4015 1735 4087 Separatausgabe
1754 4019 2159 4075 Schneidewins
2196 4021 2270 4074 im
2302 4020 2507 4087 Corpus
2536 4017 3152 4089 paroemiographorum
3174 4032 3331 4085 grae-

717 4130 904 4168 corum
930 4114 1012 4167 ed.
1033 4115 1269 4169 Leutsch
1305 4120 1361 4169 et
1392 4116 1768 4173 Schneidewin
1807 4121 1845 4183 Ι,
1884 4120 1987 4174 XX
2022 4120 2078 4175 ff.
2118 4124 2250 4177 1839
2284 4151 2350 4160 —
2385 4122 2420 4176 6
2454 4120 2845 4175 Demosthenes
2882 4118 2949 4173 de
2986 4134 3093 4172 cor.
3128 4120 3229 4173 315
3264 4146 3333 4155 —-

715 4213 795 4269 25
835 4215 942 4284 vgl.
983 4217 1242 4284 BernayS,
1279 4218 1646 4289 Theophrasts
1681 4219 1885 4275 Schrifb
1916 4222 2049 4277 iiber
2082 4223 2170 4276 die
2207 4220 2603 4291 Frbmmigkeib
2636 4220 2686 4273 S.
2724 4222 2789 4275 53

883 4366 920 4419 6
955 4362 1238 4431 ἐδίδασκες
1273 4367 1552 4422 Demos-th.
1590 4366 1911 4427 ἐδιδάσκετο
1956 4373 2001 4425 V
2050 4376 2058 4437 Ι
2107 4366 2163 4426 <5³
2196 4373 2478 4427 Demosth.
2525 4368 2585 4426 δὲ
2620 4372 2667 4425 V
2722 4372 2732 4437 Ι
2792 4373 2866 4425 10
2912 4372 2978 4439 δὴ
3027 4370 3133 4425 We
3184 4367 3243 4424 δέ
3280 4368 3328 4420 V

719 4471 724 4512 ἰ
773 4467 844 4521 12
881 4486 1050 4521 τινων
1084 4469 1490 4540 διαφερόντων]
1536 4477 1650 4525 τῶν
1694 4473 2129 4545 διαφθαρέντων
2166 4473 2543 4528 Schneidewin
2590 4478 2599 4539 Ι
2650 4473 2728 4528 14
2764 4470 3029 4541 εἰρῆσθαι
3064 4476 3159 4527 etr.
3198 4470 3281 4524 Ga
3320 4471 3327 4538 Ι

719 4568 790 4623 15
824 4563 922 4622 ἵνα
956 4573 1048 4623 θῶ
1083 4571 1261 4639 Heyse
1298 4573 1678 4627 Schneidewin
1729 4577 1841 4642 μὴν
1880 4570 1914 4629 ἃ
1952 4581 2043 4630 θῶ
2079 4576 2128 4628 V
2178 4578 2186 4641 Ι
2234 4575 2462 4640 πάντως
2498 4574 2878 4629 Schneidewin
2922 4572 3152 4629 πάντων
3198 4572 3245 4627 V
3324 4629 3327 4637 ,

713 4669 778 4724 τὸ
817 4688 854 4741 g
885 4674 892 4737 Ι
926 4671 995 4725 17
1025 4664 1145 4727 οὔτι
1173 4691 1236 4740 γε
1277 4670 1344 4724 Kl
1381 4668 1448 4727 οὐ
1481 4673 1630 4739 τινὲς
1653 4674 1698 4727 V
1731 4678 1739 4741 Ι
1774 4677 1852 4731 25
1888 4676 1923 4729 l.
1954 4677 2162 4745 φήσειῖ
2195 4680 2201 4744 Ι
2234 4678 2312 4733 26
2350 4672 2431 4740 ὼς
2466 4696 2533 4730 zu
2570 4677 2707 4729 stn‘?
2738 4678 2745 4741 Ι
2778 4677 2854 4731 33
2884 4672 2941 4731 οἱ
2966 4695 3020 4730 m
3050 4668 3119 4731 οὕ
3148 4674 3195 4729 V
