<?xml version="1.0" encoding="UTF-8"?>
<!DOCTYPE html PUBLIC "-//W3C//DTD XHTML 1.0 Transitional//EN"
    "http://www.w3.org/TR/xhtml1/DTD/xhtml1-transitional.dtd">
<html xmlns="http://www.w3.org/1999/xhtml" xml:lang="en" lang="en">
 <head>
  <title>
</title>
<meta http-equiv="Content-Type" content="text/html;charset=utf-8" />
  <meta name='ocr-system' content='tesseract 3.04.00' />
  <meta name='ocr-capabilities' content='ocr_page ocr_carea ocr_par ocr_line ocrx_word'/>
</head>
<body>
  <div class='ocr_page' id='page_1' title='image "./werkevolume00eusegoog_0209.png"; bbox 0 0 3694 5582; ppageno 0'>
   <div class='ocr_carea' id='block_1_1' title="bbox 633 477 2067 554">
    <p class='ocr_par' dir='ltr' id='par_1_1' title="bbox 633 477 2067 554">
     <span class='ocr_line' id='line_1_1' title="bbox 633 477 2067 554; baseline 0.001 -22"><span class='ocrx_word' id='word_1_1' title='bbox 633 489 748 554; x_wconf 77' lang='lat'><strong><em>168</em></strong></span> <span class='ocrx_word' id='word_1_2' title='bbox 1798 477 2067 534; x_wconf 73' lang='lat' dir='ltr'><strong>Eusebius</strong></span> 
     </span>
    </p>
   </div>
   <div class='ocr_carea' id='block_1_2' title="bbox 516 639 3587 2531">
    <p class='ocr_par' dir='ltr' id='par_1_2' title="bbox 623 639 3571 1036">
     <span class='ocr_line' id='line_1_2' title="bbox 792 639 3571 747; baseline -0.002 -27"><span class='ocrx_word' id='word_1_3' title='bbox 792 653 874 721; x_wconf 81' lang='lat'><strong><em>12</em></strong></span> <span class='ocrx_word' id='word_1_4' title='bbox 933 644 1106 720; x_wconf 75' lang='grc' dir='ltr'><strong><em>ἀλλὰ</em></strong></span> <span class='ocrx_word' id='word_1_5' title='bbox 1169 644 1250 716; x_wconf 85' lang='grc' dir='ltr'><strong><em>σύ</em></strong></span> <span class='ocrx_word' id='word_1_6' title='bbox 1309 673 1384 735; x_wconf 91' lang='grc' dir='ltr'><strong><em>γε</em></strong></span> <span class='ocrx_word' id='word_1_7' title='bbox 1443 640 1810 728; x_wconf 75' lang='grc' dir='ltr'><strong><em>ἀναλαβών</em></strong></span> <span class='ocrx_word' id='word_1_8' title='bbox 1869 642 1999 733; x_wconf 85' lang='grc' dir='ltr'><strong><em>τὴν</em></strong></span> <span class='ocrx_word' id='word_1_9' title='bbox 2060 639 2495 734; x_wconf 75' lang='grc' dir='ltr'><strong><em>εὖαγγελικὴν</em></strong></span> <span class='ocrx_word' id='word_1_10' title='bbox 2553 645 2852 737; x_wconf 85' lang='grc' dir='ltr'><strong><em>γραφήν,</em></strong></span> <span class='ocrx_word' id='word_1_11' title='bbox 2924 654 3055 719; x_wconf 80' lang='grc' dir='ltr'><strong><em>θέα</em></strong></span> <span class='ocrx_word' id='word_1_12' title='bbox 3116 646 3241 738; x_wconf 83' lang='grc' dir='ltr'><strong><em>τὴν</em></strong></span> <span class='ocrx_word' id='word_1_13' title='bbox 3306 655 3571 747; x_wconf 78' lang='grc' dir='ltr'><strong><em>ἑρμηνεία</em></strong></span> 
     </span>
     <span class='ocr_line' id='line_1_3' title="bbox 625 726 3587 838; baseline 0 -21"><span class='ocrx_word' id='word_1_14' title='bbox 625 752 854 819; x_wconf 81' lang='grc' dir='ltr'><strong><em>πᾶσαν</em></strong></span> <span class='ocrx_word' id='word_1_15' title='bbox 895 753 1023 818; x_wconf 85' lang='grc' dir='ltr'><strong><em>τοῦ</em></strong></span> <span class='ocrx_word' id='word_1_16' title='bbox 1065 751 1378 835; x_wconf 86' lang='grc' dir='ltr'><strong><em>σωτῆρος</em></strong></span> <span class='ocrx_word' id='word_1_17' title='bbox 1429 740 1628 834; x_wconf 80' lang='grc' dir='ltr'><strong><em>ἡμῶν</em></strong></span> <span class='ocrx_word' id='word_1_18' title='bbox 1671 749 2109 818; x_wconf 77' lang='grc' dir='ltr'><strong><em>διδασκαλίαν</em></strong></span> <span class='ocrx_word' id='word_1_19' title='bbox 2170 739 2363 828; x_wconf 80' lang='grc' dir='ltr'><strong><em>ὅπως</em></strong></span> <span class='ocrx_word' id='word_1_20' title='bbox 2418 743 2500 817; x_wconf 78' lang='grc' dir='ltr'><strong><em>οὖ</em></strong></span> <span class='ocrx_word' id='word_1_21' title='bbox 2549 755 2703 834; x_wconf 88' lang='grc' dir='ltr'><strong><em>περὶ</em></strong></span> <span class='ocrx_word' id='word_1_22' title='bbox 2754 739 2835 838; x_wconf 81' lang='grc' dir='ltr'><strong><em>ἧς</em></strong></span> <span class='ocrx_word' id='word_1_23' title='bbox 2878 743 3242 837; x_wconf 84' lang='grc' dir='ltr'><strong><em>άνείληφεν</em></strong></span> <span class='ocrx_word' id='word_1_24' title='bbox 3298 735 3397 795; x_wconf 62' lang='grc' dir='ltr'><strong><em>τῆς</em></strong></span> <span class='ocrx_word' id='word_1_25' title='bbox 3430 726 3587 812; x_wconf 52' lang='lat' dir='ltr'><strong><em>&amp;Gay-</em></strong></span> 
     </span>
     <span class='ocr_line' id='line_1_4' title="bbox 624 842 3512 938; baseline 0.001 -22"><span class='ocrx_word' id='word_1_26' title='bbox 624 845 870 934; x_wconf 86' lang='grc' dir='ltr'><strong><em>σαρκὸς</em></strong></span> <span class='ocrx_word' id='word_1_27' title='bbox 930 854 1298 936; x_wconf 80' lang='grc' dir='ltr'><em>διελέγετο,</em></span> <span class='ocrx_word' id='word_1_28' title='bbox 1356 853 1514 935; x_wconf 89' lang='grc' dir='ltr'><strong><em>περὶ</em></strong></span> <span class='ocrx_word' id='word_1_29' title='bbox 1573 849 1645 915; x_wconf 77' lang='grc' dir='ltr'><strong><em>δὲ</em></strong></span> <span class='ocrx_word' id='word_1_30' title='bbox 1705 849 1832 915; x_wconf 82' lang='grc' dir='ltr'><strong><em>τοῦ</em></strong></span> <span class='ocrx_word' id='word_1_31' title='bbox 1890 851 2215 932; x_wconf 81' lang='grc' dir='ltr'><strong><em>μυστικοῦ</em></strong></span> <span class='ocrx_word' id='word_1_32' title='bbox 2276 842 2589 934; x_wconf 87' lang='grc' dir='ltr'><strong><em>σώματός</em></strong></span> <span class='ocrx_word' id='word_1_33' title='bbox 2648 875 2723 918; x_wconf 88' lang='grc' dir='ltr'><strong><em>τε</em></strong></span> <span class='ocrx_word' id='word_1_34' title='bbox 2784 853 2896 919; x_wconf 84' lang='grc' dir='ltr'><strong><em>καὶ</em></strong></span> <span class='ocrx_word' id='word_1_35' title='bbox 2948 851 3242 938; x_wconf 76' lang='grc' dir='ltr'><strong><em>αἳματος.</em></strong></span> <span class='ocrx_word' id='word_1_36' title='bbox 3362 869 3512 930; x_wconf 80' lang='grc' dir='ltr'><strong><em>ξεως.</em></strong></span> 
     </span>
     <span class='ocr_line' id='line_1_5' title="bbox 623 943 3245 1036; baseline 0 -19"><span class='ocrx_word' id='word_1_37' title='bbox 623 945 853 1036; x_wconf 78' lang='grc' dir='ltr'><strong><em>ἐπειδὴ</em></strong></span> <span class='ocrx_word' id='word_1_38' title='bbox 899 947 1024 1035; x_wconf 81' lang='grc' dir='ltr'><strong><em>γὰρ</em></strong></span> <span class='ocrx_word' id='word_1_39' title='bbox 1081 966 1226 1030; x_wconf 79' lang='grc' dir='ltr'><strong><em>τοῖς</em></strong></span> <span class='ocrx_word' id='word_1_40' title='bbox 1275 952 1484 1018; x_wconf 82' lang='grc' dir='ltr'><strong><em>πέντε</em></strong></span> <span class='ocrx_word' id='word_1_41' title='bbox 1535 943 1772 1033; x_wconf 80' lang='grc' dir='ltr'><strong><em>ἄρτοις</em></strong></span> <span class='ocrx_word' id='word_1_42' title='bbox 1833 946 2125 1032; x_wconf 82' lang='grc' dir='ltr'><strong><em>ἔθρεψεν</em></strong></span> <span class='ocrx_word' id='word_1_43' title='bbox 2185 944 2273 1016; x_wconf 82' lang='grc' dir='ltr'><strong><em>τὰ</em></strong></span> <span class='ocrx_word' id='word_1_44' title='bbox 2331 943 2598 1034; x_wconf 82' lang='grc' dir='ltr'><strong><em>πλήθη,</em></strong></span> <span class='ocrx_word' id='word_1_45' title='bbox 2663 951 2828 1035; x_wconf 81' lang='grc' dir='ltr'><strong><em>μέγα</em></strong></span> <span class='ocrx_word' id='word_1_46' title='bbox 2886 952 2959 1019; x_wconf 75' lang='grc' dir='ltr'><strong><em>δὲ</em></strong></span> <span class='ocrx_word' id='word_1_47' title='bbox 3016 953 3245 1036; x_wconf 82' lang='grc' dir='ltr'><strong><em>θαῦμα</em></strong></span> 
     </span>
    </p>

    <p class='ocr_par' dir='ltr' id='par_1_3' title="bbox 555 1039 3245 1435">
     <span class='ocr_line' id='line_1_6' title="bbox 555 1039 3245 1136; baseline 0 -20"><span class='ocrx_word' id='word_1_48' title='bbox 555 1057 587 1110; x_wconf 88' lang='grc'>5</span> <span class='ocrx_word' id='word_1_49' title='bbox 623 1053 834 1118; x_wconf 82' lang='grc' dir='ltr'><strong><em>τοῦτο</em></strong></span> <span class='ocrx_word' id='word_1_50' title='bbox 878 1055 1208 1136; x_wconf 82' lang='grc' dir='ltr'><strong><em>παρέσχεν</em></strong></span> <span class='ocrx_word' id='word_1_51' title='bbox 1251 1064 1398 1129; x_wconf 81' lang='grc' dir='ltr'><strong><em>τοῖς</em></strong></span> <span class='ocrx_word' id='word_1_52' title='bbox 1441 1041 1844 1133; x_wconf 76' lang='grc' dir='ltr'><strong><em>ἑωρακόσιν,</em></strong></span> <span class='ocrx_word' id='word_1_53' title='bbox 1908 1039 2248 1116; x_wconf 78' lang='grc' dir='ltr'><em>Ἰουδαίων</em></span> <span class='ocrx_word' id='word_1_54' title='bbox 2308 1051 2380 1116; x_wconf 78' lang='grc' dir='ltr'><strong><em>δὲ</em></strong></span> <span class='ocrx_word' id='word_1_55' title='bbox 2442 1046 2506 1118; x_wconf 77' lang='grc' dir='ltr'><strong><em>οἱ</em></strong></span> <span class='ocrx_word' id='word_1_56' title='bbox 2564 1056 2872 1118; x_wconf 81' lang='grc' dir='ltr'><strong><em>πλεῖστοι</em></strong></span> <span class='ocrx_word' id='word_1_57' title='bbox 2932 1051 3245 1134; x_wconf 75' lang='grc' dir='ltr'><strong><em>ἐξευτελί-</em></strong></span> 
     </span>
     <span class='ocr_line' id='line_1_7' title="bbox 623 1135 3245 1237; baseline -0.001 -17"><span class='ocrx_word' id='word_1_58' title='bbox 623 1158 856 1234; x_wconf 76' lang='grc' dir='ltr'><strong><em>ζοντες</em></strong></span> <span class='ocrx_word' id='word_1_59' title='bbox 899 1148 982 1220; x_wconf 83' lang='grc' dir='ltr'><strong><em>τὸ</em></strong></span> <span class='ocrx_word' id='word_1_60' title='bbox 1028 1147 1308 1237; x_wconf 87' lang='grc' dir='ltr'><strong><em>γεγονὸς</em></strong></span> <span class='ocrx_word' id='word_1_61' title='bbox 1352 1149 1588 1235; x_wconf 80' lang='grc' dir='ltr'><strong><em>ἔλεγον</em></strong></span> <span class='ocrx_word' id='word_1_62' title='bbox 1631 1141 1821 1235; x_wconf 81' lang='grc' dir='ltr'><strong><em>αυτῷ</em></strong></span> <span class='ocrx_word' id='word_1_63' title='bbox 1874 1149 1979 1214; x_wconf 73' lang='grc' dir='ltr'><strong><em>»τί</em></strong></span> <span class='ocrx_word' id='word_1_64' title='bbox 2008 1135 2134 1215; x_wconf 84' lang='grc' dir='ltr'><strong><em>οὖν</em></strong></span> <span class='ocrx_word' id='word_1_65' title='bbox 2162 1163 2380 1227; x_wconf 83' lang='grc' dir='ltr'><strong><em>ποιεῖς</em></strong></span> <span class='ocrx_word' id='word_1_66' title='bbox 2411 1143 2491 1215; x_wconf 83' lang='grc' dir='ltr'><strong>σύ</strong></span> <span class='ocrx_word' id='word_1_67' title='bbox 2520 1163 2814 1234; x_wconf 84' lang='grc' dir='ltr'><strong><em>σημεῖον,</em></strong></span> <span class='ocrx_word' id='word_1_68' title='bbox 2861 1150 2971 1218; x_wconf 82' lang='grc' dir='ltr'><strong><em>ἳνα</em></strong></span> <span class='ocrx_word' id='word_1_69' title='bbox 2998 1151 3245 1235; x_wconf 78' lang='grc' dir='ltr'><strong><em>ἴδωμεν</em></strong></span> 
     </span>
     <span class='ocr_line' id='line_1_8' title="bbox 619 1239 3241 1338; baseline 0 -21"><span class='ocrx_word' id='word_1_70' title='bbox 619 1255 732 1318; x_wconf 87' lang='grc' dir='ltr'><strong><em>καὶ</em></strong></span> <span class='ocrx_word' id='word_1_71' title='bbox 791 1245 1324 1338; x_wconf 71' lang='grc' dir='ltr'><strong><em>πιστεύσωμενι,</em></strong></span> <span class='ocrx_word' id='word_1_72' title='bbox 1389 1245 1537 1317; x_wconf 79' lang='grc' dir='ltr'><strong><em>εἶτα</em></strong></span> <span class='ocrx_word' id='word_1_73' title='bbox 1595 1251 2029 1331; x_wconf 77' lang='grc' dir='ltr'><strong><em>παρέβαλλον</em></strong></span> <span class='ocrx_word' id='word_1_74' title='bbox 2081 1239 2164 1313; x_wconf 81' lang='grc' dir='ltr'><strong><em>τὸ</em></strong></span> <span class='ocrx_word' id='word_1_75' title='bbox 2216 1241 2441 1333; x_wconf 88' lang='grc' dir='ltr'><strong><em>μάννα</em></strong></span> <span class='ocrx_word' id='word_1_76' title='bbox 2498 1243 2579 1316; x_wconf 84' lang='grc' dir='ltr'><strong><em>τὸ</em></strong></span> <span class='ocrx_word' id='word_1_77' title='bbox 2624 1249 2698 1316; x_wconf 82' lang='grc' dir='ltr'><strong><em>ἐν</em></strong></span> <span class='ocrx_word' id='word_1_78' title='bbox 2742 1253 2827 1334; x_wconf 79' lang='grc' dir='ltr'><strong><em>τῇ</em></strong></span> <span class='ocrx_word' id='word_1_79' title='bbox 2870 1242 3096 1336; x_wconf 79' lang='grc' dir='ltr'><strong><em>ἐρήμῳ</em></strong></span> <span class='ocrx_word' id='word_1_80' title='bbox 3140 1252 3241 1318; x_wconf 84' lang='grc' dir='ltr'><strong><em>λέ-</em></strong></span> 
     </span>
     <span class='ocr_line' id='line_1_9' title="bbox 619 1341 3241 1435; baseline -0 -17"><span class='ocrx_word' id='word_1_81' title='bbox 619 1375 860 1435; x_wconf 90' lang='grc' dir='ltr'><strong><em>γοντες</em></strong></span> <span class='ocrx_word' id='word_1_82' title='bbox 920 1344 1021 1418; x_wconf 73' lang='grc' dir='ltr'><strong><em>»οἱ</em></strong></span> <span class='ocrx_word' id='word_1_83' title='bbox 1061 1354 1348 1435; x_wconf 81' lang='grc' dir='ltr'><strong><em>πατέρες</em></strong></span> <span class='ocrx_word' id='word_1_84' title='bbox 1402 1344 1600 1435; x_wconf 80' lang='grc' dir='ltr'><strong><em>ἡμῶν</em></strong></span> <span class='ocrx_word' id='word_1_85' title='bbox 1660 1343 1743 1417; x_wconf 85' lang='grc' dir='ltr'><strong><em>τὸ</em></strong></span> <span class='ocrx_word' id='word_1_86' title='bbox 1801 1342 2027 1431; x_wconf 88' lang='grc' dir='ltr'><strong><em>μάννα</em></strong></span> <span class='ocrx_word' id='word_1_87' title='bbox 2086 1343 2345 1432; x_wconf 78' lang='grc' dir='ltr'><strong><em>ἔφαγον</em></strong></span> <span class='ocrx_word' id='word_1_88' title='bbox 2404 1348 2479 1416; x_wconf 77' lang='grc' dir='ltr'><strong><em>ἐν</em></strong></span> <span class='ocrx_word' id='word_1_89' title='bbox 2540 1351 2626 1433; x_wconf 80' lang='grc' dir='ltr'><strong><em>τῇ</em></strong></span> <span class='ocrx_word' id='word_1_90' title='bbox 2684 1341 2939 1435; x_wconf 81' lang='grc' dir='ltr'><strong><em>ἐρήμῳ,</em></strong></span> <span class='ocrx_word' id='word_1_91' title='bbox 3002 1345 3241 1428; x_wconf 85' lang='grc' dir='ltr'><strong><em>καθώς</em></strong></span> 
     </span>
    </p>

    <p class='ocr_par' dir='ltr' id='par_1_4' title="bbox 521 1441 3235 1536">
     <span class='ocr_line' id='line_1_10' title="bbox 521 1441 3235 1536; baseline 0 -20"><span class='ocrx_word' id='word_1_92' title='bbox 521 1489 526 1495; x_wconf 84' lang='lat'>·</span> <span class='ocrx_word' id='word_1_93' title='bbox 619 1450 804 1518; x_wconf 78' lang='grc' dir='ltr'><strong><em>ἐστιν</em></strong></span> <span class='ocrx_word' id='word_1_94' title='bbox 849 1452 1333 1536; x_wconf 81' lang='grc' dir='ltr'><strong><em>γεγραμμένον·</em></strong></span> <span class='ocrx_word' id='word_1_95' title='bbox 1403 1444 1621 1534; x_wconf 87' lang='grc' dir='ltr'><strong><em>ἄρτον</em></strong></span> <span class='ocrx_word' id='word_1_96' title='bbox 1681 1449 1755 1517; x_wconf 79' lang='grc' dir='ltr'><strong><em>ἐκ</em></strong></span> <span class='ocrx_word' id='word_1_97' title='bbox 1815 1450 1943 1516; x_wconf 82' lang='grc' dir='ltr'><strong><em>τοῦ</em></strong></span> <span class='ocrx_word' id='word_1_98' title='bbox 2004 1441 2303 1534; x_wconf 79' lang='grc' dir='ltr'><strong><em>οὖρανοῦ</em></strong></span> <span class='ocrx_word' id='word_1_99' title='bbox 2353 1446 2609 1515; x_wconf 78' lang='grc' dir='ltr'><strong><em>ἔδωκεν</em></strong></span> <span class='ocrx_word' id='word_1_100' title='bbox 2660 1441 2893 1528; x_wconf 80' lang='grc' dir='ltr'><strong><em>αυτοῖς</em></strong></span> <span class='ocrx_word' id='word_1_101' title='bbox 2936 1462 3235 1533; x_wconf 64' lang='grc' dir='ltr'><strong><em>φαγετνε,</em></strong></span> 
     </span>
    </p>

    <p class='ocr_par' dir='ltr' id='par_1_5' title="bbox 516 1539 3306 2032">
     <span class='ocr_line' id='line_1_11' title="bbox 516 1539 3306 1635; baseline -0 -19"><span class='ocrx_word' id='word_1_102' title='bbox 516 1555 586 1609; x_wconf 86' lang='grc'><strong><em>10</em></strong></span> <span class='ocrx_word' id='word_1_103' title='bbox 619 1543 792 1632; x_wconf 82' lang='grc' dir='ltr'><strong><em>πρὸς</em></strong></span> <span class='ocrx_word' id='word_1_104' title='bbox 835 1551 1051 1616; x_wconf 84' lang='grc' dir='ltr'><strong><em>ταῦτα</em></strong></span> <span class='ocrx_word' id='word_1_105' title='bbox 1095 1540 1134 1617; x_wconf 82' lang='grc' dir='ltr'><strong><em>ό</em></strong></span> <span class='ocrx_word' id='word_1_106' title='bbox 1179 1543 1410 1634; x_wconf 86' lang='grc' dir='ltr'><strong><em>σωτὴρ</em></strong></span> <span class='ocrx_word' id='word_1_107' title='bbox 1453 1540 1867 1633; x_wconf 75' lang='grc' dir='ltr'><strong><em>ἀπεκρίνατο</em></strong></span> <span class='ocrx_word' id='word_1_108' title='bbox 1918 1542 2132 1635; x_wconf 74' lang='grc' dir='ltr'><strong><em>»ἀμὴν</em></strong></span> <span class='ocrx_word' id='word_1_109' title='bbox 2176 1539 2356 1634; x_wconf 83' lang='grc' dir='ltr'><strong><em>ἄμὴν</em></strong></span> <span class='ocrx_word' id='word_1_110' title='bbox 2399 1547 2578 1632; x_wconf 80' lang='grc' dir='ltr'><strong><em>λέγω</em></strong></span> <span class='ocrx_word' id='word_1_111' title='bbox 2620 1539 2803 1632; x_wconf 77' lang='grc' dir='ltr'><strong><em>υμῖν,</em></strong></span> <span class='ocrx_word' id='word_1_112' title='bbox 2860 1572 2941 1614; x_wconf 92' lang='grc' dir='ltr'><strong><em>ου</em></strong></span> <span class='ocrx_word' id='word_1_113' title='bbox 2983 1549 3238 1632; x_wconf 82' lang='grc' dir='ltr'><strong><em>Μωσῆς</em></strong></span> <span class='ocrx_word' id='word_1_114' title='bbox 3271 1552 3306 1605; x_wconf 83' lang='grc'>2</span> 
     </span>
     <span class='ocr_line' id='line_1_12' title="bbox 619 1637 3237 1735; baseline 0 -22"><span class='ocrx_word' id='word_1_115' title='bbox 619 1649 916 1716; x_wconf 78' lang='grc' dir='ltr'><strong><em>δέδωκεν</em></strong></span> <span class='ocrx_word' id='word_1_116' title='bbox 955 1641 1114 1735; x_wconf 81' lang='grc' dir='ltr'><strong><em>υμῖν</em></strong></span> <span class='ocrx_word' id='word_1_117' title='bbox 1156 1642 1284 1716; x_wconf 85' lang='grc' dir='ltr'><strong><em>τὸν</em></strong></span> <span class='ocrx_word' id='word_1_118' title='bbox 1327 1643 1545 1732; x_wconf 82' lang='grc' dir='ltr'><strong><em>ἄρτον</em></strong></span> <span class='ocrx_word' id='word_1_119' title='bbox 1586 1647 1662 1714; x_wconf 79' lang='grc' dir='ltr'><strong><em>ἐκ</em></strong></span> <span class='ocrx_word' id='word_1_120' title='bbox 1705 1650 1832 1717; x_wconf 83' lang='grc' dir='ltr'><strong><em>τοῦ</em></strong></span> <span class='ocrx_word' id='word_1_121' title='bbox 1876 1641 2191 1733; x_wconf 86' lang='grc' dir='ltr'><strong><em>ουρανοῦ,</em></strong></span> <span class='ocrx_word' id='word_1_122' title='bbox 2236 1639 2383 1715; x_wconf 78' lang='grc' dir='ltr'><strong><em>ἄλλ’</em></strong></span> <span class='ocrx_word' id='word_1_123' title='bbox 2430 1637 2469 1714; x_wconf 77' lang='grc' dir='ltr'>ὅ</span> <span class='ocrx_word' id='word_1_124' title='bbox 2512 1640 2743 1732; x_wconf 82' lang='grc' dir='ltr'><strong><em>πατήρ</em></strong></span> <span class='ocrx_word' id='word_1_125' title='bbox 2783 1671 2917 1733; x_wconf 91' lang='grc' dir='ltr'><strong><em>μου</em></strong></span> <span class='ocrx_word' id='word_1_126' title='bbox 2958 1649 3237 1714; x_wconf 78' lang='grc' dir='ltr'><strong><em>δίδωσιν</em></strong></span> 
     </span>
     <span class='ocr_line' id='line_1_13' title="bbox 617 1738 3234 1833; baseline 0.001 -20"><span class='ocrx_word' id='word_1_127' title='bbox 617 1739 771 1830; x_wconf 79' lang='grc' dir='ltr'><strong><em>υμῖν</em></strong></span> <span class='ocrx_word' id='word_1_128' title='bbox 817 1743 944 1816; x_wconf 84' lang='grc' dir='ltr'><strong><em>τόν</em></strong></span> <span class='ocrx_word' id='word_1_129' title='bbox 989 1743 1204 1830; x_wconf 81' lang='grc' dir='ltr'><strong><em>ἄρτον</em></strong></span> <span class='ocrx_word' id='word_1_130' title='bbox 1247 1741 1374 1814; x_wconf 83' lang='grc' dir='ltr'><strong><em>τὸν</em></strong></span> <span class='ocrx_word' id='word_1_131' title='bbox 1415 1739 1756 1833; x_wconf 71' lang='grc' dir='ltr'><strong><em>ἀληθινὸν</em></strong></span> <span class='ocrx_word' id='word_1_132' title='bbox 1800 1747 1875 1815; x_wconf 79' lang='grc' dir='ltr'><strong><em>ἐκ</em></strong></span> <span class='ocrx_word' id='word_1_133' title='bbox 1918 1750 2046 1816; x_wconf 84' lang='grc' dir='ltr'><strong><em>τοῦ</em></strong></span> <span class='ocrx_word' id='word_1_134' title='bbox 2088 1742 2444 1832; x_wconf 66' lang='grc' dir='ltr'><strong><em>οὖρανοῦι.</em></strong></span> <span class='ocrx_word' id='word_1_135' title='bbox 2530 1738 2651 1813; x_wconf 77' lang='grc' dir='ltr'><strong><em>εἰτ’</em></strong></span> <span class='ocrx_word' id='word_1_136' title='bbox 2706 1746 3007 1830; x_wconf 79' lang='grc' dir='ltr'><strong><em>ἐπιφέρει</em></strong></span> <span class='ocrx_word' id='word_1_137' title='bbox 3066 1742 3234 1831; x_wconf 75' lang='grc' dir='ltr'><strong><em>»ἐγώ</em></strong></span> 
     </span>
     <span class='ocr_line' id='line_1_14' title="bbox 619 1837 3240 1933; baseline 0 -21"><span class='ocrx_word' id='word_1_138' title='bbox 619 1849 750 1932; x_wconf 84' lang='grc' dir='ltr'><strong><em>εἰμι</em></strong></span> <span class='ocrx_word' id='word_1_139' title='bbox 793 1839 833 1916; x_wconf 80' lang='lat'><strong><em>0‘</em></strong></span> <span class='ocrx_word' id='word_1_140' title='bbox 877 1842 1085 1930; x_wconf 89' lang='grc' dir='ltr'><strong><em>ἄρτος</em></strong></span> <span class='ocrx_word' id='word_1_141' title='bbox 1129 1847 1250 1932; x_wconf 85' lang='grc' dir='ltr'><strong><em>τῆς</em></strong></span> <span class='ocrx_word' id='word_1_142' title='bbox 1295 1848 1507 1933; x_wconf 67' lang='grc' dir='ltr'><strong><em>ζωῆς(</em></strong></span> <span class='ocrx_word' id='word_1_143' title='bbox 1575 1849 1686 1915; x_wconf 88' lang='grc' dir='ltr'><strong><em>καὶ</em></strong></span> <span class='ocrx_word' id='word_1_144' title='bbox 1731 1841 1942 1915; x_wconf 88' lang='grc' dir='ltr'><strong><em>πάλιν</em></strong></span> <span class='ocrx_word' id='word_1_145' title='bbox 2007 1843 2175 1933; x_wconf 73' lang='grc' dir='ltr'><strong><em>»ἐγώ</em></strong></span> <span class='ocrx_word' id='word_1_146' title='bbox 2232 1847 2361 1932; x_wconf 87' lang='grc' dir='ltr'><strong><em>εἰμι</em></strong></span> <span class='ocrx_word' id='word_1_147' title='bbox 2405 1837 2444 1913; x_wconf 81' lang='grc' dir='ltr'><strong><em>ό</em></strong></span> <span class='ocrx_word' id='word_1_148' title='bbox 2488 1840 2701 1930; x_wconf 87' lang='grc' dir='ltr'><strong><em>ἄρτος</em></strong></span> <span class='ocrx_word' id='word_1_149' title='bbox 2744 1837 2781 1913; x_wconf 81' lang='grc' dir='ltr'>ὁ</span> <span class='ocrx_word' id='word_1_150' title='bbox 2825 1841 3123 1928; x_wconf 83' lang='grc' dir='ltr'><strong><em>καταβὰς</em></strong></span> <span class='ocrx_word' id='word_1_151' title='bbox 3167 1845 3240 1913; x_wconf 79' lang='grc' dir='ltr'><strong><em>ἐκ</em></strong></span> 
     </span>
     <span class='ocr_line' id='line_1_15' title="bbox 619 1935 3239 2032; baseline -0 -19"><span class='ocrx_word' id='word_1_152' title='bbox 619 1947 745 2013; x_wconf 83' lang='grc' dir='ltr'><strong><em>τοῦ</em></strong></span> <span class='ocrx_word' id='word_1_153' title='bbox 789 1938 1119 2030; x_wconf 72' lang='grc' dir='ltr'><strong><em>οὐρανοῦ(</em></strong></span> <span class='ocrx_word' id='word_1_154' title='bbox 1183 1948 1298 2014; x_wconf 85' lang='grc' dir='ltr'><strong><em>καὶ</em></strong></span> <span class='ocrx_word' id='word_1_155' title='bbox 1359 1935 1558 2026; x_wconf 78' lang='grc' dir='ltr'><strong><em>αὖθις</em></strong></span> <span class='ocrx_word' id='word_1_156' title='bbox 1627 1936 1702 2014; x_wconf 72' lang='grc' dir='ltr'><strong><em>»ὁ</em></strong></span> <span class='ocrx_word' id='word_1_157' title='bbox 1755 1949 1826 2014; x_wconf 80' lang='grc' dir='ltr'><strong><em>δὲ</em></strong></span> <span class='ocrx_word' id='word_1_158' title='bbox 1871 1941 2081 2030; x_wconf 89' lang='grc' dir='ltr'><strong><em>ἄρτος</em></strong></span> <span class='ocrx_word' id='word_1_159' title='bbox 2124 1936 2205 2014; x_wconf 77' lang='grc' dir='ltr'><strong><em>ὃν</em></strong></span> <span class='ocrx_word' id='word_1_160' title='bbox 2249 1943 2382 2032; x_wconf 77' lang='grc' dir='ltr'><strong><em>ἐγώ</em></strong></span> <span class='ocrx_word' id='word_1_161' title='bbox 2446 1942 2649 2014; x_wconf 80' lang='grc' dir='ltr'><strong><em>δώσω</em></strong></span> <span class='ocrx_word' id='word_1_162' title='bbox 2711 1939 2793 2013; x_wconf 86' lang='grc' dir='ltr'><strong><em>τὸ</em></strong></span> <span class='ocrx_word' id='word_1_163' title='bbox 2855 1937 3047 2031; x_wconf 78' lang='grc' dir='ltr'><strong><em>σῶμά</em></strong></span> <span class='ocrx_word' id='word_1_164' title='bbox 3106 1939 3239 2028; x_wconf 80' lang='grc' dir='ltr'><strong><em>μού</em></strong></span> 
     </span>
    </p>

    <p class='ocr_par' dir='ltr' id='par_1_6' title="bbox 517 2037 3391 2531">
     <span class='ocr_line' id='line_1_16' title="bbox 517 2037 3235 2132; baseline 0.002 -25"><span class='ocrx_word' id='word_1_165' title='bbox 517 2052 580 2107; x_wconf 88' lang='grc'><strong><em>15</em></strong></span> <span class='ocrx_word' id='word_1_166' title='bbox 617 2045 860 2113; x_wconf 72' lang='grc' dir='ltr'><strong><em>ἐστινι.</em></strong></span> <span class='ocrx_word' id='word_1_167' title='bbox 903 2049 1014 2112; x_wconf 82' lang='grc' dir='ltr'><strong><em>καὶ</em></strong></span> <span class='ocrx_word' id='word_1_168' title='bbox 1042 2038 1252 2114; x_wconf 91' lang='grc' dir='ltr'><strong><em>πάλιν</em></strong></span> <span class='ocrx_word' id='word_1_169' title='bbox 1279 2049 1733 2132; x_wconf 86' lang='grc' dir='ltr'><strong><em>προστίθησιν</em></strong></span> <span class='ocrx_word' id='word_1_170' title='bbox 1757 2038 1972 2132; x_wconf 74' lang='grc' dir='ltr'><strong><em>»ἀμὴν</em></strong></span> <span class='ocrx_word' id='word_1_171' title='bbox 2002 2039 2179 2132; x_wconf 82' lang='grc' dir='ltr'><strong><em>άμὴν</em></strong></span> <span class='ocrx_word' id='word_1_172' title='bbox 2223 2048 2401 2130; x_wconf 85' lang='grc' dir='ltr'><strong><em>λέγω</em></strong></span> <span class='ocrx_word' id='word_1_173' title='bbox 2430 2037 2605 2130; x_wconf 75' lang='grc' dir='ltr'><strong><em>ὑμῖν,</em></strong></span> <span class='ocrx_word' id='word_1_174' title='bbox 2636 2041 2758 2114; x_wconf 78' lang='grc' dir='ltr'><strong><em>ἐὰν</em></strong></span> <span class='ocrx_word' id='word_1_175' title='bbox 2788 2040 2940 2131; x_wconf 86' lang='grc' dir='ltr'><strong><em>&lt;μὴ&gt;</em></strong></span> <span class='ocrx_word' id='word_1_176' title='bbox 2976 2038 3235 2131; x_wconf 79' lang='grc' dir='ltr'><strong><em>φάγητε</em></strong></span> 
     </span>
     <span class='ocr_line' id='line_1_17' title="bbox 617 2136 3232 2230; baseline 0 -20"><span class='ocrx_word' id='word_1_177' title='bbox 617 2138 748 2229; x_wconf 86' lang='grc' dir='ltr'><strong><em>τὴν</em></strong></span> <span class='ocrx_word' id='word_1_178' title='bbox 792 2138 1004 2229; x_wconf 88' lang='grc' dir='ltr'><strong><em>σάρκα</em></strong></span> <span class='ocrx_word' id='word_1_179' title='bbox 1039 2147 1166 2212; x_wconf 83' lang='grc' dir='ltr'><strong><em>τοῦ</em></strong></span> <span class='ocrx_word' id='word_1_180' title='bbox 1207 2143 1358 2214; x_wconf 80' lang='grc' dir='ltr'><strong><em>υὶοῦ</em></strong></span> <span class='ocrx_word' id='word_1_181' title='bbox 1401 2147 1528 2214; x_wconf 81' lang='grc' dir='ltr'><strong><em>τοῦ</em></strong></span> <span class='ocrx_word' id='word_1_182' title='bbox 1589 2136 1976 2229; x_wconf 73' lang='grc' dir='ltr'><strong><em>ἀνθρώπου</em></strong></span> <span class='ocrx_word' id='word_1_183' title='bbox 2033 2149 2145 2213; x_wconf 81' lang='grc' dir='ltr'><strong><em>καὶ</em></strong></span> <span class='ocrx_word' id='word_1_184' title='bbox 2202 2149 2407 2230; x_wconf 88' lang='grc' dir='ltr'><strong><em>πίητε</em></strong></span> <span class='ocrx_word' id='word_1_185' title='bbox 2474 2137 2688 2214; x_wconf 73' lang='grc' dir='ltr'><strong><em>αὐτοῦ</em></strong></span> <span class='ocrx_word' id='word_1_186' title='bbox 2729 2138 2813 2212; x_wconf 83' lang='grc' dir='ltr'><strong><em>τὸ</em></strong></span> <span class='ocrx_word' id='word_1_187' title='bbox 2858 2141 3045 2230; x_wconf 74' lang='grc' dir='ltr'><strong><em>αἷμα,</em></strong></span> <span class='ocrx_word' id='word_1_188' title='bbox 3108 2137 3232 2212; x_wconf 72' lang='grc' dir='ltr'><strong><em>οὐκ</em></strong></span> 
     </span>
     <span class='ocr_line' id='line_1_18' title="bbox 617 2236 3299 2331; baseline -0.001 -21"><span class='ocrx_word' id='word_1_189' title='bbox 617 2243 796 2329; x_wconf 83' lang='grc' dir='ltr'><strong><em>ἔχετε</em></strong></span> <span class='ocrx_word' id='word_1_190' title='bbox 840 2240 1025 2330; x_wconf 77' lang='grc' dir='ltr'><strong><em>ζωὴν</em></strong></span> <span class='ocrx_word' id='word_1_191' title='bbox 1067 2245 1142 2312; x_wconf 81' lang='grc' dir='ltr'><strong><em>ἐν</em></strong></span> <span class='ocrx_word' id='word_1_192' title='bbox 1184 2242 1467 2325; x_wconf 76' lang='grc' dir='ltr'><strong><em>ἑαυτοῖς.</em></strong></span> <span class='ocrx_word' id='word_1_193' title='bbox 1552 2236 1591 2312; x_wconf 83' lang='grc' dir='ltr'>ὁ</span> <span class='ocrx_word' id='word_1_194' title='bbox 1635 2241 1933 2330; x_wconf 78' lang='grc' dir='ltr'><strong><em>τρώγων</em></strong></span> <span class='ocrx_word' id='word_1_195' title='bbox 1990 2269 2125 2328; x_wconf 92' lang='grc' dir='ltr'><strong><em>μου</em></strong></span> <span class='ocrx_word' id='word_1_196' title='bbox 2175 2238 2305 2330; x_wconf 86' lang='grc' dir='ltr'><strong><em>τὴν</em></strong></span> <span class='ocrx_word' id='word_1_197' title='bbox 2364 2237 2579 2329; x_wconf 80' lang='grc' dir='ltr'><strong><em>σάρκα</em></strong></span> <span class='ocrx_word' id='word_1_198' title='bbox 2644 2248 2757 2310; x_wconf 82' lang='grc' dir='ltr'><strong><em>καὶ</em></strong></span> <span class='ocrx_word' id='word_1_199' title='bbox 2814 2248 3044 2314; x_wconf 84' lang='grc' dir='ltr'><strong><em>πίνων</em></strong></span> <span class='ocrx_word' id='word_1_200' title='bbox 3101 2269 3233 2331; x_wconf 91' lang='grc' dir='ltr'><strong><em>μου</em></strong></span> <span class='ocrx_word' id='word_1_201' title='bbox 3263 2254 3299 2308; x_wconf 92' lang='grc'><strong>3</strong></span> 
     </span>
     <span class='ocr_line' id='line_1_19' title="bbox 615 2335 3229 2430; baseline 0.002 -23"><span class='ocrx_word' id='word_1_202' title='bbox 615 2337 696 2408; x_wconf 86' lang='grc' dir='ltr'><strong><em>τὸ</em></strong></span> <span class='ocrx_word' id='word_1_203' title='bbox 739 2339 976 2427; x_wconf 75' lang='grc' dir='ltr'><strong><em>αἶμα”</em></strong></span> <span class='ocrx_word' id='word_1_204' title='bbox 944 2367 1072 2427; x_wconf 86' lang='grc' dir='ltr'><strong><em>εχει</em></strong></span> <span class='ocrx_word' id='word_1_205' title='bbox 1129 2339 1312 2430; x_wconf 80' lang='grc' dir='ltr'><strong><em>ζωὴν</em></strong></span> <span class='ocrx_word' id='word_1_206' title='bbox 1371 2340 1686 2425; x_wconf 82' lang='grc' dir='ltr'><strong><em>αἰώνιον,</em></strong></span> <span class='ocrx_word' id='word_1_207' title='bbox 1747 2336 1937 2429; x_wconf 81' lang='grc' dir='ltr'><strong><em>κάγώ</em></strong></span> <span class='ocrx_word' id='word_1_208' title='bbox 2000 2337 2361 2429; x_wconf 75' lang='grc' dir='ltr'><strong><em>ἀναστήσω</em></strong></span> <span class='ocrx_word' id='word_1_209' title='bbox 2424 2335 2641 2412; x_wconf 74' lang='grc' dir='ltr'><strong><em>αὐτὸν</em></strong></span> <span class='ocrx_word' id='word_1_210' title='bbox 2700 2344 2774 2412; x_wconf 80' lang='grc' dir='ltr'><strong><em>ἐν</em></strong></span> <span class='ocrx_word' id='word_1_211' title='bbox 2834 2347 2921 2429; x_wconf 81' lang='grc' dir='ltr'><strong><em>τῇ</em></strong></span> <span class='ocrx_word' id='word_1_212' title='bbox 2983 2338 3229 2428; x_wconf 76' lang='grc' dir='ltr'><strong><em>ἐσχάτῃ</em></strong></span> 
     </span>
     <span class='ocr_line' id='line_1_20' title="bbox 615 2434 3391 2531; baseline 0.002 -22"><span class='ocrx_word' id='word_1_213' title='bbox 615 2434 838 2529; x_wconf 77' lang='grc' dir='ltr'><strong><em>ἡμέρᾳ.</em></strong></span> <span class='ocrx_word' id='word_1_214' title='bbox 925 2435 966 2528; x_wconf 83' lang='grc' dir='ltr'><em>ἦ</em></span> <span class='ocrx_word' id='word_1_215' title='bbox 1028 2439 1152 2528; x_wconf 82' lang='grc' dir='ltr'><strong><em>γὰρ</em></strong></span> <span class='ocrx_word' id='word_1_216' title='bbox 1205 2436 1370 2528; x_wconf 78' lang='grc' dir='ltr'><strong><em>σάρξ</em></strong></span> <span class='ocrx_word' id='word_1_217' title='bbox 1416 2469 1550 2530; x_wconf 89' lang='grc' dir='ltr'><strong><em>μου</em></strong></span> <span class='ocrx_word' id='word_1_218' title='bbox 1599 2437 1868 2531; x_wconf 72' lang='grc' dir='ltr'><strong><em>ἀληθής</em></strong></span> <span class='ocrx_word' id='word_1_219' title='bbox 1911 2444 2096 2512; x_wconf 82' lang='grc' dir='ltr'><strong><em>ἐστιν</em></strong></span> <span class='ocrx_word' id='word_1_220' title='bbox 2170 2445 2181 2527; x_wconf 96' lang='grc' dir='ltr'>Ι</span> <span class='ocrx_word' id='word_1_221' title='bbox 2256 2445 2522 2527; x_wconf 77' lang='grc' dir='ltr'><strong><em>βρῶσις,</em></strong></span> <span class='ocrx_word' id='word_1_222' title='bbox 2583 2447 2695 2510; x_wconf 85' lang='grc' dir='ltr'><strong><em>καὶ</em></strong></span> <span class='ocrx_word' id='word_1_223' title='bbox 2754 2436 2837 2510; x_wconf 88' lang='grc' dir='ltr'><strong><em>τὸ</em></strong></span> <span class='ocrx_word' id='word_1_224' title='bbox 2898 2436 3059 2528; x_wconf 72' lang='grc' dir='ltr'><strong><em>αἷμά</em></strong></span> <span class='ocrx_word' id='word_1_225' title='bbox 3100 2465 3230 2526; x_wconf 91' lang='grc' dir='ltr'><strong><em>μου</em></strong></span> <span class='ocrx_word' id='word_1_226' title='bbox 3268 2459 3391 2515; x_wconf 79' lang='grc'><strong><em>180</em></strong></span> 
     </span>
    </p>
   </div>
   <div class='ocr_carea' id='block_1_3' title="bbox 382 2534 3298 2630">
    <p class='ocr_par' dir='ltr' id='par_1_7' title="bbox 382 2534 3298 2630">
     <span class='ocr_line' id='line_1_21' title="bbox 382 2534 3298 2630; baseline 0.003 -26"><span class='ocrx_word' id='word_1_227' title='bbox 382 2626 386 2630; x_wconf 25' lang='lat'><strong>¹</strong></span> <span class='ocrx_word' id='word_1_228' title='bbox 509 2549 581 2604; x_wconf 83' lang='lat'><strong><em>20</em></strong></span> <span class='ocrx_word' id='word_1_229' title='bbox 613 2534 878 2627; x_wconf 78' lang='grc' dir='ltr'><strong><em>ἀληθής</em></strong></span> <span class='ocrx_word' id='word_1_230' title='bbox 919 2542 1104 2610; x_wconf 82' lang='grc' dir='ltr'><strong><em>ἐστιν</em></strong></span> <span class='ocrx_word' id='word_1_231' title='bbox 1145 2536 1358 2622; x_wconf 83' lang='grc' dir='ltr'><strong><em>πόσις.</em></strong></span> <span class='ocrx_word' id='word_1_232' title='bbox 1444 2535 1483 2612; x_wconf 82' lang='grc' dir='ltr'>ὅ</span> <span class='ocrx_word' id='word_1_233' title='bbox 1537 2539 1829 2628; x_wconf 78' lang='grc' dir='ltr'><strong><em>τρώγων</em></strong></span> <span class='ocrx_word' id='word_1_234' title='bbox 1880 2567 2011 2628; x_wconf 91' lang='grc' dir='ltr'><strong><em>μου</em></strong></span> <span class='ocrx_word' id='word_1_235' title='bbox 2070 2537 2199 2627; x_wconf 83' lang='grc' dir='ltr'><strong><em>τὴν</em></strong></span> <span class='ocrx_word' id='word_1_236' title='bbox 2258 2535 2473 2627; x_wconf 87' lang='grc' dir='ltr'><strong><em>σάρκα</em></strong></span> <span class='ocrx_word' id='word_1_237' title='bbox 2532 2547 2645 2610; x_wconf 85' lang='grc' dir='ltr'><strong><em>καὶ</em></strong></span> <span class='ocrx_word' id='word_1_238' title='bbox 2694 2545 2920 2610; x_wconf 88' lang='grc' dir='ltr'><strong><em>πίνων</em></strong></span> <span class='ocrx_word' id='word_1_239' title='bbox 2968 2567 3101 2628; x_wconf 90' lang='grc' dir='ltr'><strong><em>μου</em></strong></span> <span class='ocrx_word' id='word_1_240' title='bbox 3144 2537 3227 2610; x_wconf 86' lang='grc' dir='ltr'><strong><em>τὸ</em></strong></span> <span class='ocrx_word' id='word_1_241' title='bbox 3261 2564 3298 2615; x_wconf 86' lang='grc'>4</span> 
     </span>
    </p>
   </div>
   <div class='ocr_carea' id='block_1_4' title="bbox 499 2636 3292 4123">
    <p class='ocr_par' dir='ltr' id='par_1_8' title="bbox 499 2636 3292 4123">
     <span class='ocr_line' id='line_1_22' title="bbox 611 2636 3226 2729; baseline 0.001 -23"><span class='ocrx_word' id='word_1_242' title='bbox 611 2636 772 2725; x_wconf 74' lang='grc' dir='ltr'><strong><em>αἷμα</em></strong></span> <span class='ocrx_word' id='word_1_243' title='bbox 813 2641 924 2710; x_wconf 76' lang='lat'>87¹·</span> <span class='ocrx_word' id='word_1_244' title='bbox 970 2639 1043 2710; x_wconf 79' lang='grc' dir='ltr'><strong><em>ἐν</em></strong></span> <span class='ocrx_word' id='word_1_245' title='bbox 1087 2643 1232 2728; x_wconf 82' lang='grc' dir='ltr'><strong><em>ἐμοὶ</em></strong></span> <span class='ocrx_word' id='word_1_246' title='bbox 1273 2646 1458 2728; x_wconf 86' lang='grc' dir='ltr'><strong><em>μένει</em></strong></span> <span class='ocrx_word' id='word_1_247' title='bbox 1498 2636 1691 2729; x_wconf 80' lang='grc' dir='ltr'><strong><em>κάγὼ</em></strong></span> <span class='ocrx_word' id='word_1_248' title='bbox 1735 2643 1810 2710; x_wconf 83' lang='grc' dir='ltr'><strong><em>ἐν</em></strong></span> <span class='ocrx_word' id='word_1_249' title='bbox 1858 2636 2107 2728; x_wconf 69' lang='grc' dir='ltr'><strong><em>αὖτῷι.</em></strong></span> <span class='ocrx_word' id='word_1_250' title='bbox 2190 2644 2411 2711; x_wconf 79' lang='grc' dir='ltr'><strong><em>ταῦτα</em></strong></span> <span class='ocrx_word' id='word_1_251' title='bbox 2470 2644 2583 2709; x_wconf 89' lang='grc' dir='ltr'><strong><em>καὶ</em></strong></span> <span class='ocrx_word' id='word_1_252' title='bbox 2646 2637 2731 2709; x_wconf 80' lang='grc' dir='ltr'><strong><em>τὰ</em></strong></span> <span class='ocrx_word' id='word_1_253' title='bbox 2786 2645 3071 2711; x_wconf 82' lang='grc' dir='ltr'><strong><em>τοιαῦτα</em></strong></span> <span class='ocrx_word' id='word_1_254' title='bbox 3114 2666 3226 2728; x_wconf 88' lang='grc' dir='ltr'><strong><em>μυ-</em></strong></span> 
     </span>
     <span class='ocr_line' id='line_1_23' title="bbox 611 2733 3229 2829; baseline 0 -22"><span class='ocrx_word' id='word_1_255' title='bbox 611 2736 1033 2827; x_wconf 88' lang='grc' dir='ltr'><strong><em>στικώτερον</em></strong></span> <span class='ocrx_word' id='word_1_256' title='bbox 1103 2736 1320 2811; x_wconf 82' lang='grc' dir='ltr'><strong><em>αυτοῦ</em></strong></span> <span class='ocrx_word' id='word_1_257' title='bbox 1390 2735 1758 2825; x_wconf 78' lang='grc' dir='ltr'><strong><em>διεξιόντος</em></strong></span> <span class='ocrx_word' id='word_1_258' title='bbox 1829 2745 2015 2822; x_wconf 84' lang='grc' dir='ltr'><strong><em>τινὲς</em></strong></span> <span class='ocrx_word' id='word_1_259' title='bbox 2086 2743 2234 2811; x_wconf 81' lang='grc' dir='ltr'><strong><em>τῶν</em></strong></span> <span class='ocrx_word' id='word_1_260' title='bbox 2314 2733 2527 2811; x_wconf 70' lang='grc' dir='ltr'><strong><em>αὐτοῦ</em></strong></span> <span class='ocrx_word' id='word_1_261' title='bbox 2606 2744 2947 2829; x_wconf 81' lang='grc' dir='ltr'><strong><em>μαθητῶν</em></strong></span> <span class='ocrx_word' id='word_1_262' title='bbox 3032 2739 3229 2811; x_wconf 85' lang='grc' dir='ltr'><strong><em>εἶπον</em></strong></span> 
     </span>
     <span class='ocr_line' id='line_1_24' title="bbox 618 2833 3224 2929; baseline 0.001 -22"><span class='ocrx_word' id='word_1_263' title='bbox 618 2833 941 2927; x_wconf 73' lang='grc' dir='ltr'><strong><em>»σκληρός</em></strong></span> <span class='ocrx_word' id='word_1_264' title='bbox 985 2842 1168 2911; x_wconf 76' lang='grc' dir='ltr'><strong><em>ἐστιν</em></strong></span> <span class='ocrx_word' id='word_1_265' title='bbox 1211 2834 1250 2910; x_wconf 85' lang='grc' dir='ltr'><strong><em>ό</em></strong></span> <span class='ocrx_word' id='word_1_266' title='bbox 1296 2836 1516 2929; x_wconf 82' lang='grc' dir='ltr'><strong><em>λόγος,</em></strong></span> <span class='ocrx_word' id='word_1_267' title='bbox 1561 2847 1666 2922; x_wconf 91' lang='grc' dir='ltr'><strong><em>τίς</em></strong></span> <span class='ocrx_word' id='word_1_268' title='bbox 1708 2838 1994 2911; x_wconf 80' lang='grc' dir='ltr'><strong><em>δύναται</em></strong></span> <span class='ocrx_word' id='word_1_269' title='bbox 2036 2834 2249 2911; x_wconf 77' lang='grc' dir='ltr'><strong><em>αὐτοῦ</em></strong></span> <span class='ocrx_word' id='word_1_270' title='bbox 2290 2833 2595 2923; x_wconf 80' lang='grc' dir='ltr'><strong><em>ἇκούειν;</em></strong></span> <span class='ocrx_word' id='word_1_271' title='bbox 2604 2868 2628 2904; x_wconf 70' lang='grc' dir='ltr'><strong><em>ι</em></strong></span> <span class='ocrx_word' id='word_1_272' title='bbox 2686 2836 2863 2928; x_wconf 86' lang='grc' dir='ltr'><strong><em>πρὸς</em></strong></span> <span class='ocrx_word' id='word_1_273' title='bbox 2907 2834 3025 2921; x_wconf 70' lang='grc' dir='ltr'><strong><em>οὓς</em></strong></span> <span class='ocrx_word' id='word_1_274' title='bbox 3070 2835 3224 2910; x_wconf 84' lang='grc' dir='ltr'><strong><em>άπε-</em></strong></span> 
     </span>
     <span class='ocr_line' id='line_1_25' title="bbox 609 2932 3225 3028; baseline 0.001 -22"><span class='ocrx_word' id='word_1_275' title='bbox 609 2944 893 3024; x_wconf 89' lang='grc' dir='ltr'><strong><em>κρίνατο</em></strong></span> <span class='ocrx_word' id='word_1_276' title='bbox 937 2932 976 3009; x_wconf 81' lang='grc' dir='ltr'>ὁ</span> <span class='ocrx_word' id='word_1_277' title='bbox 1022 2936 1252 3028; x_wconf 85' lang='grc' dir='ltr'><strong><em>σωτὴρ</em></strong></span> <span class='ocrx_word' id='word_1_278' title='bbox 1299 2946 1520 3027; x_wconf 80' lang='grc' dir='ltr'><strong><em>λέγων</em></strong></span> <span class='ocrx_word' id='word_1_279' title='bbox 1566 2946 1815 3011; x_wconf 76' lang='grc' dir='ltr'><strong><em>»τοῦτο</em></strong></span> <span class='ocrx_word' id='word_1_280' title='bbox 1858 2935 2027 3027; x_wconf 77' lang='grc' dir='ltr'><strong><em>ὑμᾶς</em></strong></span> <span class='ocrx_word' id='word_1_281' title='bbox 2080 2943 2530 3025; x_wconf 78' lang='grc' dir='ltr'><strong><em>σκανδαλίζει;</em></strong></span> <span class='ocrx_word' id='word_1_282' title='bbox 2580 2938 2701 3010; x_wconf 78' lang='grc' dir='ltr'><strong><em>ἐὰν</em></strong></span> <span class='ocrx_word' id='word_1_283' title='bbox 2744 2932 2868 3011; x_wconf 81' lang='grc' dir='ltr'><strong><em>οὖν</em></strong></span> <span class='ocrx_word' id='word_1_284' title='bbox 2907 2942 3225 3026; x_wconf 84' lang='grc' dir='ltr'><strong><em>θεωρῆτε</em></strong></span> 
     </span>
     <span class='ocr_line' id='line_1_26' title="bbox 505 3028 3292 3128; baseline 0.005 -27"><span class='ocrx_word' id='word_1_285' title='bbox 505 3049 572 3101; x_wconf 80' lang='lat'><strong><em>25</em></strong></span> <span class='ocrx_word' id='word_1_286' title='bbox 609 3034 736 3108; x_wconf 85' lang='grc' dir='ltr'><strong><em>τὸν</em></strong></span> <span class='ocrx_word' id='word_1_287' title='bbox 805 3033 957 3109; x_wconf 77' lang='grc' dir='ltr'><strong><em>υἱὸν</em></strong></span> <span class='ocrx_word' id='word_1_288' title='bbox 1026 3044 1152 3109; x_wconf 89' lang='grc' dir='ltr'><strong><em>τοῦ</em></strong></span> <span class='ocrx_word' id='word_1_289' title='bbox 1212 3035 1592 3126; x_wconf 87' lang='grc' dir='ltr'><strong><em>ανθρώπου</em></strong></span> <span class='ocrx_word' id='word_1_290' title='bbox 1652 3036 2113 3123; x_wconf 77' lang='grc' dir='ltr'><strong><em>ἀναβαίνοντα</em></strong></span> <span class='ocrx_word' id='word_1_291' title='bbox 2172 3066 2351 3109; x_wconf 89' lang='grc' dir='ltr'><strong><em>οπου</em></strong></span> <span class='ocrx_word' id='word_1_292' title='bbox 2409 3028 2497 3126; x_wconf 83' lang='grc' dir='ltr'><strong><em>ἦν</em></strong></span> <span class='ocrx_word' id='word_1_293' title='bbox 2554 3037 2638 3110; x_wconf 89' lang='grc' dir='ltr'><strong><em>τὸ</em></strong></span> <span class='ocrx_word' id='word_1_294' title='bbox 2696 3036 3068 3128; x_wconf 85' lang='grc' dir='ltr'><strong><em>πρότερον,·</em></strong></span> <span class='ocrx_word' id='word_1_295' title='bbox 3137 3036 3220 3109; x_wconf 86' lang='grc' dir='ltr'><strong><em>τὸ</em></strong></span> <span class='ocrx_word' id='word_1_296' title='bbox 3256 3060 3292 3115; x_wconf 86' lang='grc'><strong>5</strong></span> 
     </span>
     <span class='ocr_line' id='line_1_27' title="bbox 605 3132 3221 3228; baseline 0.001 -23"><span class='ocrx_word' id='word_1_297' title='bbox 605 3132 867 3225; x_wconf 80' lang='grc' dir='ltr'><strong><em>πνεῦμά</em></strong></span> <span class='ocrx_word' id='word_1_298' title='bbox 911 3141 1096 3207; x_wconf 76' lang='grc' dir='ltr'><strong><em>ἐστιν</em></strong></span> <span class='ocrx_word' id='word_1_299' title='bbox 1135 3134 1220 3209; x_wconf 87' lang='grc' dir='ltr'><strong><em>τὸ</em></strong></span> <span class='ocrx_word' id='word_1_300' title='bbox 1268 3144 1685 3225; x_wconf 77' lang='grc' dir='ltr'><strong><em>ζωοποιοῦν,</em></strong></span> <span class='ocrx_word' id='word_1_301' title='bbox 1754 3135 1796 3227; x_wconf 84' lang='grc' dir='ltr'><em>ἦ</em></span> <span class='ocrx_word' id='word_1_302' title='bbox 1849 3136 2012 3225; x_wconf 76' lang='grc' dir='ltr'><strong><em>σὰρξ</em></strong></span> <span class='ocrx_word' id='word_1_303' title='bbox 2063 3134 2189 3209; x_wconf 71' lang='grc' dir='ltr'><strong><em>οὐκ</em></strong></span> <span class='ocrx_word' id='word_1_304' title='bbox 2240 3133 2499 3224; x_wconf 83' lang='grc' dir='ltr'><strong><em>ώφελετ</em></strong></span> <span class='ocrx_word' id='word_1_305' title='bbox 2542 3134 2763 3209; x_wconf 73' lang='grc' dir='ltr'><strong><em>οὐδέν·</em></strong></span> <span class='ocrx_word' id='word_1_306' title='bbox 2824 3137 2913 3209; x_wconf 85' lang='grc' dir='ltr'><strong><em>τὰ</em></strong></span> <span class='ocrx_word' id='word_1_307' title='bbox 2954 3137 3221 3228; x_wconf 80' lang='grc' dir='ltr'><strong><em>ῥήματα</em></strong></span> 
     </span>
     <span class='ocr_line' id='line_1_28' title="bbox 607 3229 3222 3327; baseline 0.001 -23"><span class='ocrx_word' id='word_1_308' title='bbox 607 3231 649 3304; x_wconf 80' lang='grc' dir='ltr'><em>ἃ</em></span> <span class='ocrx_word' id='word_1_309' title='bbox 693 3231 1036 3324; x_wconf 78' lang='grc' dir='ltr'><strong><em>λελάληκα</em></strong></span> <span class='ocrx_word' id='word_1_310' title='bbox 1092 3232 1250 3326; x_wconf 68' lang='grc' dir='ltr'><strong><em>ὑμῖν</em></strong></span> <span class='ocrx_word' id='word_1_311' title='bbox 1307 3234 1571 3327; x_wconf 81' lang='grc' dir='ltr'><strong><em>πνεῦμά</em></strong></span> <span class='ocrx_word' id='word_1_312' title='bbox 1631 3241 1817 3310; x_wconf 79' lang='grc' dir='ltr'><strong><em>ἐστιν</em></strong></span> <span class='ocrx_word' id='word_1_313' title='bbox 1868 3242 1979 3308; x_wconf 81' lang='grc' dir='ltr'><strong><em>καὶ</em></strong></span> <span class='ocrx_word' id='word_1_314' title='bbox 2035 3233 2176 3325; x_wconf 77' lang='grc' dir='ltr'><strong><em>ζωή</em></strong></span> <span class='ocrx_word' id='word_1_315' title='bbox 2231 3240 2474 3307; x_wconf 65' lang='grc' dir='ltr'><strong><em>ἐστινι.</em></strong></span> <span class='ocrx_word' id='word_1_316' title='bbox 2559 3233 2644 3307; x_wconf 80' lang='grc' dir='ltr'><strong><em>δι’</em></strong></span> <span class='ocrx_word' id='word_1_317' title='bbox 2706 3229 2811 3309; x_wconf 81' lang='grc' dir='ltr'><strong><em>ών</em></strong></span> <span class='ocrx_word' id='word_1_318' title='bbox 2874 3241 3222 3309; x_wconf 79' lang='grc' dir='ltr'><strong><em>ἐπαίδευεν</em></strong></span> 
     </span>
     <span class='ocr_line' id='line_1_29' title="bbox 606 3329 3223 3426; baseline 0.001 -21"><span class='ocrx_word' id='word_1_319' title='bbox 606 3329 854 3417; x_wconf 79' lang='grc' dir='ltr'><strong><em>αὖτοὺς</em></strong></span> <span class='ocrx_word' id='word_1_320' title='bbox 911 3343 1386 3426; x_wconf 80' lang='grc' dir='ltr'><strong><em>πνευματικῶς</em></strong></span> <span class='ocrx_word' id='word_1_321' title='bbox 1441 3334 1712 3409; x_wconf 72' lang='grc' dir='ltr'><strong><em>ἀκούειν</em></strong></span> <span class='ocrx_word' id='word_1_322' title='bbox 1757 3344 1904 3409; x_wconf 81' lang='grc' dir='ltr'><strong><em>τῶν</em></strong></span> <span class='ocrx_word' id='word_1_323' title='bbox 1946 3343 2101 3425; x_wconf 85' lang='grc' dir='ltr'><strong><em>περὶ</em></strong></span> <span class='ocrx_word' id='word_1_324' title='bbox 2146 3341 2269 3425; x_wconf 86' lang='grc' dir='ltr'><strong><em>τῆς</em></strong></span> <span class='ocrx_word' id='word_1_325' title='bbox 2312 3333 2560 3425; x_wconf 87' lang='grc' dir='ltr'><strong><em>σαρκὸς</em></strong></span> <span class='ocrx_word' id='word_1_326' title='bbox 2600 3343 2711 3408; x_wconf 88' lang='grc' dir='ltr'><strong><em>καὶ</em></strong></span> <span class='ocrx_word' id='word_1_327' title='bbox 2756 3343 2886 3409; x_wconf 82' lang='grc' dir='ltr'><strong><em>τοῦ</em></strong></span> <span class='ocrx_word' id='word_1_328' title='bbox 2942 3338 3223 3425; x_wconf 76' lang='grc' dir='ltr'><strong><em>αἳματος</em></strong></span> 
     </span>
     <span class='ocr_line' id='line_1_30' title="bbox 605 3430 3221 3527; baseline 0 -23"><span class='ocrx_word' id='word_1_329' title='bbox 605 3430 818 3505; x_wconf 75' lang='grc' dir='ltr'><strong><em>αὐτοῦ</em></strong></span> <span class='ocrx_word' id='word_1_330' title='bbox 861 3442 1310 3525; x_wconf 83' lang='grc' dir='ltr'><strong><em>λελεγμένων·</em></strong></span> <span class='ocrx_word' id='word_1_331' title='bbox 1353 3435 1444 3527; x_wconf 85' lang='grc' dir='ltr'><strong><em>μὴ</em></strong></span> <span class='ocrx_word' id='word_1_332' title='bbox 1497 3435 1624 3527; x_wconf 83' lang='grc' dir='ltr'><strong><em>γὰρ</em></strong></span> <span class='ocrx_word' id='word_1_333' title='bbox 1669 3436 1800 3526; x_wconf 82' lang='grc' dir='ltr'><strong><em>τὴν</em></strong></span> <span class='ocrx_word' id='word_1_334' title='bbox 1841 3432 2056 3526; x_wconf 84' lang='grc' dir='ltr'><strong><em>σάρκα</em></strong></span> <span class='ocrx_word' id='word_1_335' title='bbox 2098 3440 2149 3523; x_wconf 84' lang='grc'><strong><em>&lt;,</em></strong></span> <span class='ocrx_word' id='word_1_336' title='bbox 2188 3442 2449 3525; x_wconf 88' lang='grc' dir='ltr'><strong><em>φησίν,&gt;</em></strong></span> <span class='ocrx_word' id='word_1_337' title='bbox 2492 3432 2581 3526; x_wconf 81' lang='grc' dir='ltr'><strong><em>ἣν</em></strong></span> <span class='ocrx_word' id='word_1_338' title='bbox 2620 3444 2998 3525; x_wconf 88' lang='grc' dir='ltr'><strong><em>περίκειμαι</em></strong></span> <span class='ocrx_word' id='word_1_339' title='bbox 3040 3442 3221 3526; x_wconf 85' lang='grc' dir='ltr'><strong><em>νομί-</em></strong></span> 
     </span>
     <span class='ocr_line' id='line_1_31' title="bbox 503 3532 3291 3627; baseline 0.001 -26"><span class='ocrx_word' id='word_1_340' title='bbox 503 3548 570 3601; x_wconf 84' lang='grc'><strong><em>30</em></strong></span> <span class='ocrx_word' id='word_1_341' title='bbox 603 3539 769 3622; x_wconf 83' lang='grc' dir='ltr'><strong><em>σητέ</em></strong></span> <span class='ocrx_word' id='word_1_342' title='bbox 805 3562 884 3623; x_wconf 90' lang='grc' dir='ltr'><strong><em>με</em></strong></span> <span class='ocrx_word' id='word_1_343' title='bbox 929 3541 1162 3623; x_wconf 84' lang='grc' dir='ltr'><strong><em>λέγειν,</em></strong></span> <span class='ocrx_word' id='word_1_344' title='bbox 1207 3532 1303 3619; x_wconf 84' lang='grc' dir='ltr'><strong><em>ώς</em></strong></span> <span class='ocrx_word' id='word_1_345' title='bbox 1348 3542 1506 3608; x_wconf 81' lang='grc' dir='ltr'><strong><em>δέον</em></strong></span> <span class='ocrx_word' id='word_1_346' title='bbox 1549 3532 1766 3627; x_wconf 73' lang='grc' dir='ltr'><strong><em>αὐτὴν</em></strong></span> <span class='ocrx_word' id='word_1_347' title='bbox 1807 3540 2089 3620; x_wconf 75' lang='grc' dir='ltr'><strong><em>ἐσθίειν,</em></strong></span> <span class='ocrx_word' id='word_1_348' title='bbox 2135 3539 2299 3623; x_wconf 83' lang='grc' dir='ltr'><strong><em>μηδὲ</em></strong></span> <span class='ocrx_word' id='word_1_349' title='bbox 2343 3532 2425 3605; x_wconf 83' lang='grc' dir='ltr'><strong><em>τὸ</em></strong></span> <span class='ocrx_word' id='word_1_350' title='bbox 2468 3535 2806 3624; x_wconf 82' lang='grc' dir='ltr'><strong><em>αἰσθητὸν</em></strong></span> <span class='ocrx_word' id='word_1_351' title='bbox 2849 3544 2961 3608; x_wconf 76' lang='grc' dir='ltr'><strong><em>καὶ</em></strong></span> <span class='ocrx_word' id='word_1_352' title='bbox 3004 3559 3221 3625; x_wconf 89' lang='grc' dir='ltr'><strong><em>σωμα-</em></strong></span> <span class='ocrx_word' id='word_1_353' title='bbox 3276 3552 3291 3571; x_wconf 88' lang='grc'><em>·</em></span> 
     </span>
     <span class='ocr_line' id='line_1_32' title="bbox 603 3628 3220 3725; baseline 0.002 -24"><span class='ocrx_word' id='word_1_354' title='bbox 603 3630 796 3704; x_wconf 85' lang='grc' dir='ltr'><strong><em>τικὸν</em></strong></span> <span class='ocrx_word' id='word_1_355' title='bbox 841 3633 1000 3721; x_wconf 74' lang='grc' dir='ltr'><strong><em>αἷμα</em></strong></span> <span class='ocrx_word' id='word_1_356' title='bbox 1043 3642 1268 3706; x_wconf 86' lang='grc' dir='ltr'><strong><em>πίνειν</em></strong></span> <span class='ocrx_word' id='word_1_357' title='bbox 1296 3632 1810 3725; x_wconf 65' lang='grc' dir='ltr'><strong><em>ὑπολαμβάνετε(</em></strong></span> <span class='ocrx_word' id='word_1_358' title='bbox 1846 3662 1928 3723; x_wconf 88' lang='grc' dir='ltr'><strong><em>με</em></strong></span> <span class='ocrx_word' id='word_1_359' title='bbox 1970 3630 2447 3723; x_wconf 88' lang='grc' dir='ltr'><strong><em>προστάττειν,</em></strong></span> <span class='ocrx_word' id='word_1_360' title='bbox 2492 3631 2638 3708; x_wconf 77' lang='grc' dir='ltr'><strong><em>ἀλλ’</em></strong></span> <span class='ocrx_word' id='word_1_361' title='bbox 2670 3628 2745 3707; x_wconf 84' lang='grc' dir='ltr'><strong><em>εὖ</em></strong></span> <span class='ocrx_word' id='word_1_362' title='bbox 2776 3638 2919 3707; x_wconf 77' lang='grc' dir='ltr'><strong><em>ἴστε</em></strong></span> <span class='ocrx_word' id='word_1_363' title='bbox 2951 3628 3062 3707; x_wconf 77' lang='grc' dir='ltr'><strong><em>ὅτι</em></strong></span> <span class='ocrx_word' id='word_1_364' title='bbox 3098 3634 3220 3707; x_wconf 74' lang='grc' dir='ltr'><strong><em>»τὰ</em></strong></span> 
     </span>
     <span class='ocr_line' id='line_1_33' title="bbox 601 3727 3219 3825; baseline 0.001 -22"><span class='ocrx_word' id='word_1_365' title='bbox 601 3727 865 3820; x_wconf 77' lang='grc' dir='ltr'><strong><em>ῥήματά</em></strong></span> <span class='ocrx_word' id='word_1_366' title='bbox 907 3762 1038 3823; x_wconf 93' lang='grc' dir='ltr'><strong><em>μου</em></strong></span> <span class='ocrx_word' id='word_1_367' title='bbox 1081 3761 1123 3802; x_wconf 93' lang='grc' dir='ltr'><strong><em>α</em></strong></span> <span class='ocrx_word' id='word_1_368' title='bbox 1177 3730 1517 3824; x_wconf 86' lang='grc' dir='ltr'><strong><em>λελάληκα</em></strong></span> <span class='ocrx_word' id='word_1_369' title='bbox 1566 3732 1724 3825; x_wconf 81' lang='grc' dir='ltr'><strong><em>υμῖν</em></strong></span> <span class='ocrx_word' id='word_1_370' title='bbox 1773 3732 2039 3823; x_wconf 83' lang='grc' dir='ltr'><strong><em>πνεῦμά</em></strong></span> <span class='ocrx_word' id='word_1_371' title='bbox 2102 3738 2287 3805; x_wconf 82' lang='grc' dir='ltr'><strong><em>ἐστιν</em></strong></span> <span class='ocrx_word' id='word_1_372' title='bbox 2345 3742 2457 3807; x_wconf 85' lang='grc' dir='ltr'><strong><em>καὶ</em></strong></span> <span class='ocrx_word' id='word_1_373' title='bbox 2520 3732 2660 3825; x_wconf 78' lang='grc' dir='ltr'><strong><em>ζωή</em></strong></span> <span class='ocrx_word' id='word_1_374' title='bbox 2722 3739 2977 3819; x_wconf 69' lang='grc' dir='ltr'><strong><em>ἐστινι,</em></strong></span> <span class='ocrx_word' id='word_1_375' title='bbox 3042 3732 3219 3806; x_wconf 75' lang='grc' dir='ltr'><strong><em>ὥστε</em></strong></span> 
     </span>
     <span class='ocr_line' id='line_1_34' title="bbox 603 3827 3217 3925; baseline 0.003 -26"><span class='ocrx_word' id='word_1_376' title='bbox 603 3827 772 3903; x_wconf 77' lang='grc' dir='ltr'><strong><em>αὐτὰ</em></strong></span> <span class='ocrx_word' id='word_1_377' title='bbox 833 3832 1006 3903; x_wconf 87' lang='grc' dir='ltr'><strong><em>εἶναι</em></strong></span> <span class='ocrx_word' id='word_1_378' title='bbox 1066 3830 1150 3905; x_wconf 82' lang='grc' dir='ltr'><strong><em>τὰ</em></strong></span> <span class='ocrx_word' id='word_1_379' title='bbox 1211 3830 1478 3923; x_wconf 76' lang='grc' dir='ltr'><strong><em>ῥήματα</em></strong></span> <span class='ocrx_word' id='word_1_380' title='bbox 1537 3840 1652 3906; x_wconf 84' lang='grc' dir='ltr'><strong><em>καὶ</em></strong></span> <span class='ocrx_word' id='word_1_381' title='bbox 1712 3834 1875 3917; x_wconf 82' lang='grc' dir='ltr'><strong><em>τούς</em></strong></span> <span class='ocrx_word' id='word_1_382' title='bbox 1936 3834 2182 3925; x_wconf 86' lang='grc' dir='ltr'><strong><em>λόγους</em></strong></span> <span class='ocrx_word' id='word_1_383' title='bbox 2244 3833 2493 3917; x_wconf 81' lang='grc' dir='ltr'><strong><em>αυτοὺς</em></strong></span> <span class='ocrx_word' id='word_1_384' title='bbox 2554 3834 2681 3923; x_wconf 83' lang='grc' dir='ltr'><strong><em>τὴν</em></strong></span> <span class='ocrx_word' id='word_1_385' title='bbox 2724 3832 2936 3925; x_wconf 87' lang='grc' dir='ltr'><strong><em>σάρκα</em></strong></span> <span class='ocrx_word' id='word_1_386' title='bbox 2978 3843 3091 3905; x_wconf 89' lang='grc' dir='ltr'><strong><em>καὶ</em></strong></span> <span class='ocrx_word' id='word_1_387' title='bbox 3135 3834 3217 3907; x_wconf 86' lang='grc' dir='ltr'><strong><em>τὸ</em></strong></span> 
     </span>
     <span class='ocr_line' id='line_1_35' title="bbox 601 3922 3220 4027; baseline 0.002 -27"><span class='ocrx_word' id='word_1_388' title='bbox 601 3928 780 4019; x_wconf 75' lang='grc' dir='ltr'><strong><em>αἷμα</em></strong></span> <span class='ocrx_word' id='word_1_389' title='bbox 827 3922 930 4001; x_wconf 77' lang='grc' dir='ltr'><strong><em>ὦν</em></strong></span> <span class='ocrx_word' id='word_1_390' title='bbox 971 3926 1010 4003; x_wconf 84' lang='grc' dir='ltr'><strong><em>ό</em></strong></span> <span class='ocrx_word' id='word_1_391' title='bbox 1053 3939 1352 4022; x_wconf 80' lang='grc' dir='ltr'><strong><em>μετέχων</em></strong></span> <span class='ocrx_word' id='word_1_392' title='bbox 1399 3929 1498 4005; x_wconf 84' lang='grc' dir='ltr'><strong><em>αἐὶ</em></strong></span> <span class='ocrx_word' id='word_1_393' title='bbox 1543 3931 1792 4006; x_wconf 84' lang='grc' dir='ltr'><strong><em>ώσανεὶ</em></strong></span> <span class='ocrx_word' id='word_1_394' title='bbox 1835 3933 2024 4023; x_wconf 83' lang='grc' dir='ltr'><strong><em>ἄρτῳ</em></strong></span> <span class='ocrx_word' id='word_1_395' title='bbox 2072 3932 2368 4027; x_wconf 88' lang='grc' dir='ltr'><strong><em>ουρανίῳ</em></strong></span> <span class='ocrx_word' id='word_1_396' title='bbox 2415 3931 2833 4025; x_wconf 85' lang='grc' dir='ltr'><strong><em>τρεφόμενος</em></strong></span> <span class='ocrx_word' id='word_1_397' title='bbox 2872 3940 2998 4025; x_wconf 85' lang='grc' dir='ltr'><strong><em>τῆς</em></strong></span> <span class='ocrx_word' id='word_1_398' title='bbox 3026 3962 3220 4024; x_wconf 88' lang='grc' dir='ltr'><strong><em>ουρα-</em></strong></span> 
     </span>
     <span class='ocr_line' id='line_1_36' title="bbox 499 4027 3290 4123; baseline 0.003 -26"><span class='ocrx_word' id='word_1_399' title='bbox 499 4045 564 4098; x_wconf 83' lang='grc'><strong><em>35</em></strong></span> <span class='ocrx_word' id='word_1_400' title='bbox 601 4039 753 4103; x_wconf 87' lang='grc' dir='ltr'><strong><em>νίου</em></strong></span> <span class='ocrx_word' id='word_1_401' title='bbox 793 4036 1058 4118; x_wconf 76' lang='grc' dir='ltr'><strong><em>μεθέξει</em></strong></span> <span class='ocrx_word' id='word_1_402' title='bbox 1103 4038 1295 4121; x_wconf 73' lang='grc' dir='ltr'><strong><em>ζωῆς.</em></strong></span> <span class='ocrx_word' id='word_1_403' title='bbox 1379 4032 1468 4122; x_wconf 86' lang='grc' dir='ltr'><strong><em>μὴ</em></strong></span> <span class='ocrx_word' id='word_1_404' title='bbox 1515 4031 1596 4122; x_wconf 80' lang='grc' dir='ltr'><strong><em>δὴ</em></strong></span> <span class='ocrx_word' id='word_1_405' title='bbox 1641 4027 1785 4120; x_wconf 82' lang='grc' dir='ltr'><strong><em>οὖν,</em></strong></span> <span class='ocrx_word' id='word_1_406' title='bbox 1849 4041 2089 4123; x_wconf 87' lang='grc' dir='ltr'><strong><em>φησίν,</em></strong></span> <span class='ocrx_word' id='word_1_407' title='bbox 2146 4041 2647 4120; x_wconf 77' lang='grc' dir='ltr'><strong><em>σκανδαλιζέτω</em></strong></span> <span class='ocrx_word' id='word_1_408' title='bbox 2691 4030 2859 4123; x_wconf 84' lang='grc' dir='ltr'><strong><em>υμᾶς</em></strong></span> <span class='ocrx_word' id='word_1_409' title='bbox 2901 4040 3133 4121; x_wconf 86' lang='grc' dir='ltr'><strong><em>τοῦτο,</em></strong></span> <span class='ocrx_word' id='word_1_410' title='bbox 3180 4028 3217 4104; x_wconf 77' lang='grc' dir='ltr'>ὃ</span> <span class='ocrx_word' id='word_1_411' title='bbox 3254 4049 3290 4105; x_wconf 86' lang='grc'>6</span> 
     </span>
    </p>
   </div>
   <div class='ocr_carea' id='block_1_5' title="bbox 597 4201 3219 4468">
    <p class='ocr_par' dir='ltr' id='par_1_9' title="bbox 597 4201 3219 4459">
     <span class='ocr_line' id='line_1_37' title="bbox 767 4201 3213 4274; baseline 0.001 -17"><span class='ocrx_word' id='word_1_412' title='bbox 767 4201 871 4257; x_wconf 77' lang='grc' dir='ltr'><strong><em>41Ῐ</em></strong></span> <span class='ocrx_word' id='word_1_413' title='bbox 902 4202 1024 4258; x_wconf 86' lang='lat' dir='ltr'>Joh.</span> <span class='ocrx_word' id='word_1_414' title='bbox 1059 4202 1111 4265; x_wconf 88' lang='grc'><strong><em>6,</em></strong></span> <span class='ocrx_word' id='word_1_415' title='bbox 1145 4202 1228 4256; x_wconf 85' lang='grc'><strong><em>13.</em></strong></span> <span class='ocrx_word' id='word_1_416' title='bbox 1266 4203 1332 4257; x_wconf 88' lang='grc'><strong><em>14</em></strong></span> <span class='ocrx_word' id='word_1_417' title='bbox 1365 4232 1430 4242; x_wconf 93' lang='grc'><strong>-</strong></span> <span class='ocrx_word' id='word_1_418' title='bbox 1467 4204 1505 4257; x_wconf 81' lang='grc'><strong>6</strong></span> <span class='ocrx_word' id='word_1_419' title='bbox 1538 4203 1661 4259; x_wconf 84' lang='lat' dir='ltr'>Joh.</span> <span class='ocrx_word' id='word_1_420' title='bbox 1697 4205 1748 4272; x_wconf 87' lang='lat'><strong><em>6,</em></strong></span> <span class='ocrx_word' id='word_1_421' title='bbox 1785 4206 1853 4259; x_wconf 87' lang='lat'><strong><em>30</em></strong></span> <span class='ocrx_word' id='word_1_422' title='bbox 1885 4232 1951 4243; x_wconf 93' lang='grc'><strong>-</strong></span> <span class='ocrx_word' id='word_1_423' title='bbox 1988 4204 2025 4261; x_wconf 89' lang='grc'>8</span> <span class='ocrx_word' id='word_1_424' title='bbox 2062 4204 2187 4261; x_wconf 84' lang='lat' dir='ltr'>Joh.</span> <span class='ocrx_word' id='word_1_425' title='bbox 2222 4206 2271 4274; x_wconf 89' lang='lat'><strong>6,</strong></span> <span class='ocrx_word' id='word_1_426' title='bbox 2307 4208 2372 4262; x_wconf 88' lang='lat'><strong><em>31</em></strong></span> <span class='ocrx_word' id='word_1_427' title='bbox 2419 4235 2486 4244; x_wconf 93' lang='lat'><strong>—</strong></span> <span class='ocrx_word' id='word_1_428' title='bbox 2541 4205 2618 4260; x_wconf 84' lang='lat'><strong><em>10</em></strong></span> <span class='ocrx_word' id='word_1_429' title='bbox 2654 4204 2777 4260; x_wconf 86' lang='lat' dir='ltr'><strong>Joh.</strong></span> <span class='ocrx_word' id='word_1_430' title='bbox 2812 4206 2861 4271; x_wconf 89' lang='lat'><strong><em>6,</em></strong></span> <span class='ocrx_word' id='word_1_431' title='bbox 2896 4204 2965 4259; x_wconf 85' lang='lat'><strong><em>32</em></strong></span> <span class='ocrx_word' id='word_1_432' title='bbox 3016 4232 3081 4244; x_wconf 91' lang='lat'><em>-</em></span> <span class='ocrx_word' id='word_1_433' title='bbox 3137 4204 3213 4259; x_wconf 80' lang='lat'><strong><em>12</em></strong></span> 
     </span>
     <span class='ocr_line' id='line_1_38' title="bbox 597 4300 3219 4375; baseline 0.003 -20"><span class='ocrx_word' id='word_1_434' title='bbox 597 4300 720 4355; x_wconf 86' lang='lat' dir='ltr'><strong>Joh.</strong></span> <span class='ocrx_word' id='word_1_435' title='bbox 756 4306 804 4367; x_wconf 86' lang='lat'><strong>6,</strong></span> <span class='ocrx_word' id='word_1_436' title='bbox 839 4302 906 4357; x_wconf 88' lang='lat'><strong><em>35</em></strong></span> <span class='ocrx_word' id='word_1_437' title='bbox 941 4332 1008 4341; x_wconf 95' lang='lat'><strong>—</strong></span> <span class='ocrx_word' id='word_1_438' title='bbox 1047 4302 1124 4358; x_wconf 70' lang='lat'><strong><em>18</em></strong></span> <span class='ocrx_word' id='word_1_439' title='bbox 1160 4301 1282 4358; x_wconf 85' lang='lat' dir='ltr'><strong>Joh.</strong></span> <span class='ocrx_word' id='word_1_440' title='bbox 1319 4304 1368 4371; x_wconf 87' lang='lat'><strong>6,</strong></span> <span class='ocrx_word' id='word_1_441' title='bbox 1401 4305 1466 4358; x_wconf 90' lang='lat'><strong><em>41</em></strong></span> <span class='ocrx_word' id='word_1_442' title='bbox 1504 4334 1569 4344; x_wconf 96' lang='lat'>—</span> <span class='ocrx_word' id='word_1_443' title='bbox 1610 4305 1686 4360; x_wconf 79' lang='lat'><strong><em>14</em></strong></span> <span class='ocrx_word' id='word_1_444' title='bbox 1723 4305 1846 4361; x_wconf 79' lang='lat' dir='ltr'><strong>Joh,</strong></span> <span class='ocrx_word' id='word_1_445' title='bbox 1872 4306 1921 4373; x_wconf 90' lang='grc'><strong><em>6,</em></strong></span> <span class='ocrx_word' id='word_1_446' title='bbox 1938 4308 2003 4361; x_wconf 85' lang='grc'><strong><em>51</em></strong></span> <span class='ocrx_word' id='word_1_447' title='bbox 2040 4336 2107 4345; x_wconf 92' lang='lat'><strong>—</strong></span> <span class='ocrx_word' id='word_1_448' title='bbox 2146 4306 2220 4363; x_wconf 81' lang='lat'><strong><em>15</em></strong></span> <span class='ocrx_word' id='word_1_449' title='bbox 2258 4308 2381 4363; x_wconf 84' lang='lat' dir='ltr'><strong>Joh.</strong></span> <span class='ocrx_word' id='word_1_450' title='bbox 2417 4308 2466 4375; x_wconf 90' lang='grc'><strong><em>6,</em></strong></span> <span class='ocrx_word' id='word_1_451' title='bbox 2485 4306 2689 4363; x_wconf 85' lang='lat'><strong>53-56</strong></span> <span class='ocrx_word' id='word_1_452' title='bbox 2724 4337 2789 4346; x_wconf 97' lang='lat'>—</span> <span class='ocrx_word' id='word_1_453' title='bbox 2827 4305 2905 4362; x_wconf 76' lang='lat'><strong><em>28</em></strong></span> <span class='ocrx_word' id='word_1_454' title='bbox 2942 4304 3219 4371; x_wconf 83' lang='lat' dir='ltr'><strong>Joh.6,60</strong></span> 
     </span>
     <span class='ocr_line' id='line_1_39' title="bbox 597 4402 1262 4468; baseline 0.002 -10"><span class='ocrx_word' id='word_1_455' title='bbox 597 4432 662 4442; x_wconf 98' lang='lat'>—</span> <span class='ocrx_word' id='word_1_456' title='bbox 700 4402 777 4458; x_wconf 79' lang='lat'><strong><em>24</em></strong></span> <span class='ocrx_word' id='word_1_457' title='bbox 816 4402 939 4457; x_wconf 81' lang='lat' dir='ltr'><strong>Joh.</strong></span> <span class='ocrx_word' id='word_1_458' title='bbox 974 4404 1023 4468; x_wconf 90' lang='lat'><strong><em>6,</em></strong></span> <span class='ocrx_word' id='word_1_459' title='bbox 1057 4404 1262 4459; x_wconf 83' lang='lat'><strong>61-63</strong></span> 
     </span>
    </p>
   </div>
   <div class='ocr_carea' id='block_1_6' title="bbox 595 4548 3213 4728">
    <p class='ocr_par' dir='ltr' id='par_1_10' title="bbox 595 4548 3213 4728">
     <span class='ocr_line' id='line_1_40' title="bbox 769 4548 3213 4630; baseline 0.001 -21"><span class='ocrx_word' id='word_1_460' title='bbox 769 4554 800 4609; x_wconf 91' lang='lat'>1</span> <span class='ocrx_word' id='word_1_461' title='bbox 857 4552 1158 4609; x_wconf 52' lang='lat' dir='ltr'><strong>hieran„</strong></span> <span class='ocrx_word' id='word_1_462' title='bbox 1205 4548 1280 4610; x_wconf 87' lang='grc' dir='ltr'><strong><em>ια’</em></strong></span> <span class='ocrx_word' id='word_1_463' title='bbox 1317 4552 1370 4607; x_wconf 99' lang='grc' dir='ltr'><em>Ὺ</em></span> <span class='ocrx_word' id='word_1_464' title='bbox 1433 4556 1443 4624; x_wconf 89' lang='grc' dir='ltr'>Ι</span> <span class='ocrx_word' id='word_1_465' title='bbox 1511 4556 1583 4612; x_wconf 80' lang='grc'><strong><em>15</em></strong></span> <span class='ocrx_word' id='word_1_466' title='bbox 1635 4549 1842 4625; x_wconf 71' lang='grc' dir='ltr'><strong><em>μὴίἱῑ).</em></strong></span> <span class='ocrx_word' id='word_1_467' title='bbox 1879 4558 1929 4611; x_wconf 81' lang='lat' dir='ltr'><strong><em>d.</em></strong></span> <span class='ocrx_word' id='word_1_468' title='bbox 1966 4558 2027 4613; x_wconf 90' lang='lat' dir='ltr'><strong><em>Z.</em></strong></span> <span class='ocrx_word' id='word_1_469' title='bbox 2064 4559 2142 4613; x_wconf 79' lang='grc' dir='ltr'><strong><em>Ὺ2</em></strong></span> <span class='ocrx_word' id='word_1_470' title='bbox 2202 4560 2212 4628; x_wconf 90' lang='grc' dir='ltr'>Ι</span> <span class='ocrx_word' id='word_1_471' title='bbox 2280 4560 2357 4616; x_wconf 89' lang='grc'><strong><em>18</em></strong></span> <span class='ocrx_word' id='word_1_472' title='bbox 2410 4554 3077 4630; x_wconf 76' lang='grc' dir='ltr'><strong><em>κάγὼΝΤκαὶτῶῪ*</em></strong></span> <span class='ocrx_word' id='word_1_473' title='bbox 3112 4558 3213 4612; x_wconf 77' lang='grc' dir='ltr'><strong><em>καὶ</em></strong></span> 
     </span>
     <span class='ocr_line' id='line_1_41' title="bbox 595 4650 3211 4728; baseline 0.002 -21"><span class='ocrx_word' id='word_1_474' title='bbox 595 4650 710 4722; x_wconf 78' lang='grc' dir='ltr'><strong><em>ἐγώ</em></strong></span> <span class='ocrx_word' id='word_1_475' title='bbox 747 4654 1005 4723; x_wconf 75' lang='lat' dir='ltr'>V2129</span> <span class='ocrx_word' id='word_1_476' title='bbox 1042 4656 1208 4724; x_wconf 85' lang='grc' dir='ltr'><strong><em>φησίν</em></strong></span> <span class='ocrx_word' id='word_1_477' title='bbox 1245 4655 1452 4726; x_wconf 83' lang='lat' dir='ltr'><strong>Klvgl.</strong></span> <span class='ocrx_word' id='word_1_478' title='bbox 1479 4658 1765 4726; x_wconf 78' lang='lat' dir='ltr'>z.35188</span> <span class='ocrx_word' id='word_1_479' title='bbox 1801 4656 1977 4715; x_wconf 78' lang='grc' dir='ltr'><strong><em>αὐτοῦ</em></strong></span> <span class='ocrx_word' id='word_1_480' title='bbox 2012 4660 2077 4726; x_wconf 88' lang='lat' dir='ltr'><strong>V,</strong></span> <span class='ocrx_word' id='word_1_481' title='bbox 2114 4676 2249 4717; x_wconf 80' lang='lat' dir='ltr'>corr.</span> <span class='ocrx_word' id='word_1_482' title='bbox 2285 4659 2505 4728; x_wconf 74' lang='lat' dir='ltr'><strong><em>Kl135</em></strong></span> <span class='ocrx_word' id='word_1_483' title='bbox 2541 4660 2619 4728; x_wconf 82' lang='grc' dir='ltr'><strong><em>μὴ</em></strong></span> <span class='ocrx_word' id='word_1_484' title='bbox 2655 4652 2808 4715; x_wconf 82' lang='grc' dir='ltr'><strong><em>δὀῧν</em></strong></span> <span class='ocrx_word' id='word_1_485' title='bbox 2842 4658 2939 4725; x_wconf 86' lang='grc' dir='ltr'><strong><em>Ὺ*,</em></strong></span> <span class='ocrx_word' id='word_1_486' title='bbox 2975 4674 3112 4714; x_wconf 71' lang='lat' dir='ltr'><strong>corr.</strong></span> <span class='ocrx_word' id='word_1_487' title='bbox 3133 4658 3211 4713; x_wconf 74' lang='grc' dir='ltr'><strong><em>Ὺ2</em></strong></span> 
     </span>
    </p>
   </div>
   <div class='ocr_carea' id='block_1_7' title="bbox 3277 795 3694 866">
    <p class='ocr_par' dir='ltr' id='par_1_11' title="bbox 3277 795 3694 866">
     <span class='ocr_line' id='line_1_42' title="bbox 3277 795 3694 866; baseline -0.002 -15"><span class='ocrx_word' id='word_1_488' title='bbox 3277 801 3465 866; x_wconf 65' lang='lat' dir='ltr'><em>yeme*</em></span> <span class='ocrx_word' id='word_1_489' title='bbox 3448 795 3608 863; x_wconf 62' lang='grc' dir='ltr'><strong><em>γςλὲ·</em></strong></span> <span class='ocrx_word' id='word_1_490' title='bbox 3684 801 3694 824; x_wconf 87' lang='lat'><strong>⁴</strong></span> 
     </span>
    </p>
   </div>
  </div>
 </body>
</html>
