3694 5582
1119 516 1188 570 de
1223 516 1592 573 ecclesiastiea
1623 516 1909 587 theologia
1940 519 2019 573 III
2053 520 2133 573 17.
2156 520 2235 575 18.
2865 528 2982 590 179

365 683 586 761 Δαυίδ,
633 676 744 748 διὰ
786 676 868 748 τὸ
920 683 1030 750 »ἐκ
1073 686 1487 769 σπέρματος«
1538 674 1752 751 αὐτὸν
1796 688 2148 769 γεγονέναι
2194 688 2453 768 Δαυίδ),
2515 680 2643 754 τὸν
2696 690 2769 755 δὲ
2810 684 2982 758 θεὸν

365 773 445 847 06
487 784 776 865 ποιμένα
820 776 976 850 οὐδὲ
1019 807 1318 868 αρχοντα
1365 785 1628 868 λέγεται
1671 776 2061 869 κτήσεσθαι,
2109 778 2261 854 ἇλλ
2307 778 2670 867 αὖτόθεον,
2716 788 2982 856 ἐπινοία

359 885 704 964 κρείττονι
763 872 808 965 ἠ
867 877 1044 949 κατὰ
1105 886 1394 969 ποιμένα
1453 885 1562 949 καὶ
1627 878 1929 967 α’ρχοντα
1982 890 2091 951 καὶ
2135 888 2407 965 βασιλέα
2451 890 2535 971 τῇ
2582 889 2705 972 τῆς
2747 890 2981 973 θεῑκῆς

361 974 708 1064 δυνάμεως
752 986 1288 1071 μεγαλοπρεπείᾳ
1334 975 1417 1050 06
1461 986 1608 1049 τῶν
1649 977 2025 1068 προβάτων
2082 979 2299 1070 μόνον
2362 979 2536 1054 ἀλλὰ
2594 991 2707 1054 καὶ
2766 982 2981 1055 αὐτοῦ

293 1090 326 1141 5
361 1082 486 1147 τοῦ
535 1083 861 1167 ποιμένος
923 1074 1360 1167 ἡγησόμενον.
1454 1080 1709 1150 »ἔσταιε
1772 1080 1901 1168 γὰρ
1968 1077 2270 1165 »αῦτοῑςι
2340 1088 2543 1171 φησὶν
2611 1078 2686 1153 »6
2734 1081 2977 1167 δοῦλός

357 1204 488 1265 μου
533 1182 740 1248 Δαυὶὸ
779 1176 1060 1268 ποιμήν·
1129 1184 1242 1249 καὶ
1285 1178 1420 1267 ἐγώ
1463 1176 1695 1267 κύριος
1734 1180 1966 1268 ἔσομαι
2009 1177 2241 1262 αὐτοῖς
2286 1186 2377 1263 εἰς
2418 1178 2655 1253 θεόνι·
2728 1188 2978 1254 δοῦλον

357 1282 426 1348 δὲ
470 1288 665 1349 καλεῖ
706 1275 834 1348 τὸν
881 1284 1086 1349 Δαυὶδ
1126 1274 1208 1351 δι’
1255 1274 1342 1367 ἣν
1391 1283 1515 1401 »ng
1545 1286 1929 1369 σπέρματος
1975 1285 2210 1350 Δαυὶόι
2262 1278 2621 1370 ἀνείληφεν
2670 1283 2977 1372 »μορφὴν

356 1374 637 1448 δούλου(
690 1372 727 1448 6
772 1376 1007 1467 σωτὴρ
1048 1384 1160 1448 καὶ
1201 1377 1436 1466 κύριος
1476 1374 1688 1468 ἡμῶν.

519 1482 602 1549 18
648 1483 761 1546 καὶ
792 1473 979 1550 τοῦτ’
1019 1469 1107 1567 ἦν
1135 1477 1218 1550 τὸ
1247 1475 1732 1567 τρισμακάριον
1763 1485 1977 1561 τέλος,
2021 1475 2181 1550 καθ’
2229 1472 2266 1549 6
2299 1478 2456 1599 vilv-
2472 1484 2974 1570 ἐπηγγελμένην
3008 1480 3167 1551 ὅπως
3195 1482 3255 1540 ἕν
3280 1494 3347 1556 τῇ

259 1585 322 1638 10
354 1582 500 1645 τῶν
561 1572 880 1664 οὐρανῶν
939 1582 1280 1659 βασιλείαν
1340 1596 1486 1659 τοῖς
1548 1577 1800 1666 ταύτης
1844 1574 2057 1664 ἀξίοις
2098 1585 2226 1651 τοῦ
2270 1584 2579 1668 σωτῆρος
2624 1576 2819 1668 ἡμῶν
2862 1609 2969 1651 πι-
3006 1555 3348 1677 τξὲᾞίξέςὲν

352 1680 743 1762 στουμένου,
790 1670 828 1746 6
872 1680 983 1746 ἐπὶ
1027 1704 1318 1747 παντων
1361 1674 1526 1759 θεὸς
1565 1684 1680 1747 καὶ
1727 1688 1736 1761 Ι
1782 1676 2012 1767 πατὴρ
2058 1674 2289 1763 αὐτοῦ,
2336 1676 2417 1749 τὸ
2461 1676 2753 1752 πάντων
2797 1677 3126 1752 anob-192
3184 1692 3343 1758 7⁸⁹²}-

353 1801 570 1845 τατον
613 1769 900 1862 αγαθόν,
947 1772 1152 1857 αὐτὸς
1196 1775 1445 1848 ἑαυτὸν
1487 1792 1634 1859 τοῖς
1675 1772 1810 1847 ὑπὸ
1856 1782 1957 1865 τῷ
2002 1780 2133 1867 υἱῷ
2177 1784 2714 1868 βασιλευομένοις
2752 1777 2967 1868 δωρή-
3028 1774 3326 1911 πξξζέζιοὶ

351 1898 565 1957 σεται,
634 1870 898 1945 »πάντα
950 1880 1027 1945 ἐν
1067 1880 1308 1947 πᾶσινε
1359 1871 1768 1965 γιγνόμενος.
1856 1870 1893 1946 6
1938 1876 2021 1965 δὴ
2064 1884 2356 1965 παρίστη
2417 1874 2629 1950 πάλιν
2674 1875 2883 1961 αὐτὸς
2928 1874 2965 1949 6
3038 1896 3137 1959 τῆς
3169 1892 3298 1948 τότε

353 1971 582 2062 σωτὴρ
626 1980 736 2043 καὶ
778 1971 1009 2063 κύριος
1070 1970 1288 2063 ἡμῶν,
1353 1974 1482 2063 τὴν
1538 1973 1836 2065 μεγάλην
1890 1973 2089 2065 εὐχὴν
2130 1971 2301 2064 ὑπὲρ
2346 1983 2494 2047 τῶν
2538 1974 2753 2049 a6w6
2793 2005 2967 2067 γνω-
3006 1960 3337 2109 τξῖξέἒρὲζι

257 2087 318 2139 15
352 2080 574 2161 ρίμων
616 2069 1040 2193 ἀναπέμπων
1092 2081 1230 2165 »τῷ
1275 2081 1424 2165 θεῷ
1466 2083 1578 2146 καὶ
1619 2082 1887 2162 πατρία,
1932 2071 2015 2147 δι’
2046 2068 2125 2163 ἧς
2155 2079 2515 2161 ἐξαιτεῑται
2557 2081 2779 2162 λέγων
2823 2080 2968 2147 »ἵνα
3048 2092 3298 2163 οὐμενοι.

351 2168 606 2256 πάντες
635 2174 710 2243 ἓν
741 2164 931 2257 ὦσιν,
974 2176 1214 2257 καθώς
1244 2174 1342 2257 σύ,
1387 2174 1628 2263 πάτερ,
1674 2180 1748 2245 ἐν
1777 2180 1925 2264 ἐμοὶ
1966 2171 2154 2263 κᾶγώ
2200 2179 2273 2245 ἐν
2318 2182 2445 2258 σοί,
2488 2178 2602 2245 ἵνα
2629 2184 2738 2246 καὶ
2769 2172 2965 2248 αὐτοὶ

351 2278 424 2343 ἐν
467 2268 624 2361 ἡμῖν
669 2274 744 2343 ἓν
787 2265 976 2357 ὦσιν,
1023 2278 1132 2345 ἵνα
1175 2270 1213 2344 6
1256 2270 1506 2363 κόσμος
1548 2272 1832 2360 πιστεύῃ
1878 2266 1988 2343 ὅτι
2032 2272 2111 2344 σύ
2154 2302 2233 2363 με
2277 2270 2690 2359 ἀπέστειλας.
2776 2272 2963 2364 καγώ
3000 2288 3033 2341 2

351 2372 481 2462 τὴν
523 2368 730 2458 δόξαν
775 2371 861 2462 ἢν
905 2372 1200 2455 δέδωκάς
1241 2402 1355 2463 μοι
1399 2379 1664 2446 δέδωκα
1707 2369 1961 2456 αὐτοῖς,
2016 2377 2127 2443 ἵνα
2171 2398 2345 2445 ωσιν
2386 2376 2460 2443 ἓν
2500 2375 2740 2457 καθὼς
2784 2372 2965 2463 ἡμεῖς

349 2472 421 2543 ἓν
461 2476 681 2561 ἐσμεν·
752 2472 886 2561 ἐγώ
932 2476 1007 2543 ἐν
1049 2468 1281 2556 αὐτοῖς
1323 2481 1436 2544 καὶ
1479 2473 1560 2543 σύ
1602 2478 1676 2543 ἐν
1721 2477 1887 2561 ἐμοί,
1944 2476 2054 2542 ἵνα
2104 2464 2276 2544 ὦσιν
2320 2480 2829 2563 τετελειωμένοι
2872 2479 2966 2559 εἰς

253 2587 316 2641 :20
350 2570 432 2642 τὸ
494 2573 591 2654 ἓν,
654 2575 765 2644 ἵνα
822 2572 1119 2660 γινώσκῃ
1181 2568 1220 2643 6
1287 2568 1538 2661 κόσμος
1598 2568 1708 2643 ὅτι
1769 2569 1852 2643 σύ
1902 2600 1981 2660 με
2026 2567 2421 2656 ἀπέστειλας
2462 2580 2573 2642 καὶ
2618 2570 2965 2662 ηγάπησας

348 2667 596 2753 αυτούς
653 2672 894 2755 καθώς
955 2677 1065 2761 ἐμὲ
1109 2668 1476 2762 ἠγάπησας.
1559 2671 1806 2761 πάτερ,
1872 2668 1987 2753 οὓς
2048 2670 2347 2755 δέδωκάς
2406 2700 2545 2761 μοι,
2611 2680 2801 2744 θέλω
2858 2678 2966 2745 ἳνα
2999 2686 3030 2739 3

349 2765 528 2843 ὅπου
571 2774 698 2859 εἰμὶ
742 2770 878 2860 ἐγὼ
921 2766 1218 2844 κᾶκεῑνοι
1263 2763 1435 2844 ὦσιν
1476 2769 1621 2864 μετ’
1666 2777 1844 2861 ἐμοῦ,
1902 2776 2011 2844 ἳνα
2052 2780 2411 2860 θεωρῶσιν
2456 2770 2587 2861 τὴν
2629 2770 2834 2860 δόξαν
2878 2803 2964 2862 ην

347 2867 646 2953 δέδωκάς
704 2899 876 2960 μοιι.
961 2865 1132 2960 αῦτη
1193 2902 1236 2961 η
1288 2870 1542 2963 μεγαλη
1597 2880 1723 2944 τοῦ
1767 2877 2079 2961 σωτῆρος
2123 2869 2316 2962 ἡμῶν
2358 2870 2529 2962 ὑπὲρ
2574 2870 2768 2962 ἡμων
2808 2901 2965 2960 πρε·
2976 2881 3022 2939 7

345 2978 554 3054 σβεία,
619 2966 701 3040 ἵν’
751 2962 934 3058 ὦμεν
995 2970 1119 3043 σῦν
1170 2969 1360 3063 αὐτῷ
1417 2966 1596 3046 ὅπου
1639 2973 1724 3045 ἀν
1767 2967 1808 3064 ᾗ
1856 2969 2064 3054 αὐτὸς
2106 2980 2218 3043 καὶ
2261 2973 2370 3042 ἵνα
2414 2979 2793 3062 θεωρῶμεν
2839 2952 3007 3094 τὴνΙ

248 3081 310 3136 25
345 3065 551 3156 δόξαν
612 3069 744 3160 τὴν
803 3066 1016 3141 αὐτοῦ
1075 3077 1186 3140 καὶ
1247 3075 1358 3143 ἵνα
1411 3070 1728 3195 ἄχαπὴσῃ
1784 3069 1955 3161 ἡμᾶς
1996 3072 2236 3153 καθὼς
2280 3068 2494 3142 αὐτὸν
2536 3069 2881 3162 ἠγάπησεν
2928 3060 2983 3144 6l

345 3165 558 3241 αὐτοῦ
575 3166 857 3293 πατήρ,
911 3176 1086 3258 <καὶ>
1134 3164 1300 3257 ὅπερ
1346 3168 1536 3262 αὐτῷ
1580 3169 1974 3261 ἐδωρήσατο
2019 3177 2229 3242 τοῦτο
2274 3175 2372 3259 δῷ
2434 3175 2545 3240 καὶ
2605 3168 2792 3293 ἡμῖν,
2852 3178 2965 3242 καὶ

343 3267 473 3358 τὴν
516 3264 724 3355 δόξαν
767 3269 852 3359 ἣν
895 3266 1084 3360 αὐτῷ
1133 3274 1386 3342 ε’δωκεν
1447 3269 1706 3360 ταύτην
1769 3277 1868 3360 δῷ
1928 3279 2041 3342 καὶ
2102 3266 2283 3359 ἡμῖν·
2368 3276 2599 3340 ποιῶν
2659 3267 2829 3359 ἡμᾶς
2890 3299 2963 3342 εν

343 3368 505 3450 τοὺς
548 3365 833 3452 πάντας,
881 3373 989 3439 ἵνα
1031 3375 1268 3458 μηκέτι
1299 3398 1482 3457 ωμεν
1524 3377 1773 3443 πολλοὶ
1819 3366 1969 3442 αλλ’
2016 3374 2080 3441 οἱ
2122 3365 2379 3450 πάντες
2425 3365 2537 3449 εἷς,
2584 3371 2961 3453 ἑνωθέντες

343 3463 555 3539 αὐτοῦ
600 3474 685 3558 τῇ
726 3465 1014 3557 θεότητι
1056 3473 1169 3538 καὶ
1213 3476 1298 3557 τῇ
1342 3466 1506 3555 δόξῃ
1561 3477 1681 3559 τῆς
1741 3478 2100 3555 βασιλείας,
2164 3464 2246 3540 06
2304 3465 2479 3539 κατὰ
2538 3468 2961 3559 συναλοιφὴν

247 3579 309 3633 30
340 3572 492 3654 μιᾶς
555 3562 780 3652 οῦσίας
839 3567 1014 3638 κατὰ
1075 3573 1146 3638 δὲ
1210 3574 1562 3638 τελείωσιν
1622 3575 1746 3657 τῆς
1807 3574 1901 3651 εἰς
1960 3567 2173 3657 ἄκρον
2225 3564 2485 3656 ἀρετῆς.
2569 3573 2777 3639 τοῦτο
2834 3566 2958 3657 γὰρ
2993 3581 3027 3633 4

341 3669 634 3752 ἐδίδαξεν
678 3668 894 3738 εἰπών
941 3669 1089 3736 »ἵνα
1134 3658 1304 3738 ὦσιν
1348 3675 1916 3757 τετελειωμένοιι.
1978 3665 2164 3739 οὕτω
2197 3665 2322 3756 γὰρ
2366 3661 2477 3737 ὑπ’
2512 3663 2724 3737 αὐτοῦ
2754 3675 2959 3758 σοφίᾳ

338 3772 448 3836 καὶ
512 3763 840 3855 φρονήσει
900 3773 1012 3837 καὶ
1079 3765 1468 3854 δικαιοσύνῃ
1529 3773 1641 3838 καὶ
1703 3764 1997 3859 εὐσεβείᾳ
2058 3775 2169 3838 καὶ
2224 3762 2430 3855 ἀρετῇ
2480 3763 2663 3853 πάσῃ
2708 3772 2957 3838 τέλειοι

338 3871 915 3953 κατεργασθέντες
943 3872 1048 3954 τῷ
1077 3871 1410 3955 πατρικῆς
1452 3862 1793 3956 θεότητος
1838 3862 2106 3956 ἄλέκτῳ
2154 3872 2338 3954 φωτὶ
2382 3861 2959 3956 συναφθησόμεθα

341 3969 546 4050 φῶτα
587 3971 698 4035 καὶ
745 3960 940 4036 αὐτοὶ
985 3971 1056 4035 ἐκ
1101 3972 1223 4055 τῆς
1265 3963 1440 4054 πρὸς
1487 3961 1700 4038 αὐτὸν
1747 3973 2110 4054 συναφείας
2161 3961 2617 4054 γενησόμενοι,
2670 3971 2783 4036 καὶ
2825 3969 2958 4036 υἱοὶ

245 4073 306 4126 35
338 4069 510 4134 θεοῦ
551 4062 728 4135 κατὰ
769 4065 1064 4155 μετοχὴν
1125 4071 1249 4156 τῆς
1309 4072 1436 4137 τοῦ
1487 4071 1901 4155 μονογενοῦς
1954 4061 2168 4136 αὐτοῦ
2222 4070 2585 4146 κοινωνίας
2638 4059 2955 4136 α’ποτελε-

339 4169 620 4246 σθέντες
662 4171 982 4257 μετουσίᾳ
1026 4171 1173 4236 τῶν
1217 4171 1341 4252 τῆς
1382 4163 1724 4254 θεότητος
1771 4162 1985 4236 αὐτοῦ
2025 4170 2497 4254 μαρμαρυγῶν.
2539 4167 2650 4235 91’

508 4334 537 4389 1
578 4333 733 4388 Rbm.
771 4337 818 4400 1,
855 4335 888 4389 3
923 4363 990 4373 —
1030 4334 1067 4390 5
1103 4333 1196 4388 Ez.
1215 4336 1298 4401 34,
1318 4335 1486 4392 23.24
1520 4365 1588 4375 —
1632 4336 1658 4391 7
1701 4333 1977 4402 Rflm.1,3
2011 4364 2077 4374 —
2112 4332 2256 4388 Phil.
2276 4335 2460 4398 2,7—
2499 4331 2955 4401 181K0r.15‚28

333 4463 400 4472 ·-
439 4433 514 4491 15
550 4435 575 4488 Ι
610 4435 741 4490 Kor.
779 4437 860 4500 15,
897 4437 964 4489 24
997 4464 1064 4475 —
1100 4435 1222 4490 Joh.
1263 4439 1342 4503 17,
1379 4437 1581 4492 21—24
1617 4468 1682 4474 —
1721 4437 1795 4492 81
1835 4437 1959 4490 Joh.
1998 4438 2078 4502 17,
2114 4437 2181 4490 23

502 4583 541 4639 9
575 4584 698 4640 hier
731 4603 780 4640 a.
818 4586 880 4641 R.
918 4580 985 4654 ιζ’
1025 4585 1075 4640 V
1139 4587 1150 4653 Ι
1214 4585 1287 4641 21
1329 4587 1514 4659 πατήρ
1552 4587 1652 4654 V*,
1690 4602 1825 4642 corr.
1862 4587 1939 4640 V²
2006 4588 2015 4653 Ι
2081 4580 2180 4652 οὓς
2218 4586 2293 4639 V²
2329 4582 2362 4642 ὃ
2400 4585 2481 4639 V*
2545 4586 2555 4653 Ι
2618 4584 2697 4642 26
2729 4587 2829 4640 καὶ
2860 4587 2953 4640 ab.

335 4687 386 4740 d.
422 4687 476 4741 Ζ.
515 4687 591 4741 V²

2428 4773 2494 4826 12
2507 4773 2535 4806 '²‘
