3694 5582
1359 502 1462 559 Dio
1496 504 1827 575 Fragmenta
1861 503 2136 559 Marcella.
2951 514 3066 577 187

449 668 670 740 ικύριος
722 662 940 726 ἔκτισέν
988 688 1091 739 με·
1139 665 1274 741 ἔφη,
1330 667 1474 729 ἀλλὰ
1523 673 1627 741 τὴν
1680 670 1949 744 δευτέραν
1991 670 2141 729 κατὰ
2188 670 2373 742 σάρκα
2419 670 2785 740 οἰκονομίαν·
2846 670 2932 728 διὸ
2970 675 3067 729 καὶ

443 755 683 819 κτίσεως
713 752 998 824 μέμνηται
1031 754 1384 828 προσφόρως
1416 762 1516 825 τῆς
1552 754 1921 828 ἀνθρωπίνης
1956 756 2183 829 σαρκός.

613 905 704 958 Nr.
725 906 792 959 10
827 906 928 973 (Re
945 908 998 969 9)
1037 903 1246 961 οὐκοῦν
1281 906 1314 975 ἡ
1351 906 1533 971 κτίσις
1567 914 1636 977 τῇ
1667 904 1815 963 κατὰ
1854 901 2169 977 ἄνθρωπον
2193 905 2369 963 αὐτοῦ
2390 906 2645 980 διαφέρει
2681 908 3067 982 πραγματείᾳ.

443 989 530 1044 διό
584 1005 754 1058 φησιν
811 988 1033 1058 »κύριος
1085 984 1300 1046 ἔκτισέν
1353 1009 1428 1060 με
1481 988 1664 1061 ἀρχὴν
1718 988 1869 1047 ὁδῶν
1922 990 2101 1048 αὐτοῦ
2144 990 2224 1058 εἰς
2268 988 2408 1063 ἔργα
2452 990 2656 1048 αὐτοῦ«
2677 1034 2691 1059 ,
2744 988 2960 1048 ἔκτισεν
2995 988 3069 1060 με

375 1068 408 1121 5
443 1074 706 1144 δηλονότι
742 1072 832 1131 διὰ
869 1080 967 1143 τῆς
1001 1074 1298 1146 παρθένου
1333 1076 1565 1146 Μαρίας
1608 1070 1677 1132 δι’
1713 1065 1778 1146 ἧς
1825 1076 1858 1133 ὁ
1903 1076 2041 1142 θεὸς
2084 1072 2295 1133 ἑνῶσαι
2337 1079 2441 1147 τὴν
2474 1074 2844 1149 ἀνθρωπίνην
2880 1075 3068 1146 σάρκα

445 1166 526 1233 τῷ
561 1155 766 1215 ἑαυτοῦ
800 1158 956 1233 λόγῳ
991 1161 1308 1232 προείλετο.

612 1310 704 1364 Nr.
744 1312 806 1363 11
846 1309 945 1378 (Re
982 1312 1065 1378 10)
1115 1308 1324 1365 τούτου
1375 1310 1568 1366 τοίνυν
1623 1304 1802 1376 οὕτως
1847 1305 2103 1381 ἔχοντος,
2158 1309 2484 1369 ἀκόλουθόν
2530 1308 2682 1367 ἐστιν
2729 1320 2965 1367 σκοπεῖν
3002 1318 3070 1381 τῇ

445 1394 668 1470 διανοίᾳ
721 1392 788 1449 τὸ
841 1396 1248 1464 παροιμιωδῶς
1300 1392 1604 1467 εἰρημένον
1656 1397 1814 1452 τουτὶ
1864 1395 2182 1466 κεφάλαιον
2240 1394 2461 1465 »κύριος
2512 1392 2730 1453 ἔκτισεν
2778 1414 2853 1464 με
2888 1392 3071 1465 ἀρχὴν

448 1477 595 1533 ὁδῶν
631 1475 805 1534 αὐτοῦ
841 1476 922 1542 εἰς
957 1473 1098 1551 ἔργα
1135 1476 1360 1534 αὖτοῦα.
1433 1474 1650 1536 ἔκτισεν
1685 1478 1798 1552 γὰρ
1843 1477 2076 1549 ἀληθῶς
2109 1482 2175 1537 τὸ
2210 1483 2288 1549 μὴ
2336 1478 2403 1535 ὂν
2439 1477 2767 1549 πεποιηκὼς
2804 1478 2835 1535 ὁ
2871 1479 3069 1536 δεσπό-

346 1558 412 1611 10
445 1581 544 1629 της
579 1562 740 1630 ἡμῶν
775 1562 938 1628 θεός·
978 1560 1081 1618 οὐκ
1117 1555 1294 1618 οὖσαν
1331 1560 1442 1635 γὰρ
1477 1565 1579 1633 τὴν
1615 1562 1816 1636 σάρκα,
1854 1564 1922 1635 ἢν
1959 1564 2261 1635 ἀνείληφεν
2298 1565 2331 1621 ὁ
2367 1567 2556 1635 λόγος,
2598 1562 2741 1622 ἀλλὰ
2776 1565 2853 1633 μὴ
2891 1556 3068 1619 οὖσαν

449 1641 698 1702 »ἔκτισεν
735 1646 916 1717 ἀρχὴν
954 1646 1101 1703 ὁδῶν
1138 1646 1364 1703 αὖτοῦσ.

616 1798 709 1850 Nr.
749 1800 812 1852 12
865 1798 964 1861 (Re
1017 1800 1103 1865 11)
1159 1794 1368 1853 οὐκοῦν
1419 1796 1655 1864 εἰκότως
1706 1804 1820 1854 τῶν
1874 1795 2129 1871 ἀρχαίων
2182 1801 2685 1873 παρεληλυθότων,
2741 1806 2957 1855 καινῶν
3011 1796 3069 1853 δὲ

445 1874 678 1937 ἔσεσθαι
713 1881 1040 1949 μελλόντων
1075 1876 1346 1937 ἁπάντων
1381 1880 1471 1938 διὰ
1509 1888 1608 1951 τῆς
1642 1892 1745 1938 τοῦ
1783 1890 2038 1957 σωτῆρος
2080 1884 2241 1954 ἡμῶν
2287 1886 2652 1955 καινότητος,
2709 1884 2741 1941 ό
2796 1883 3071 1950 δεσπότης

343 2048 405 2098 1,
443 1964 674 2067 ἡμῶν-ό
709 1965 957 2037 Χριστὸς
991 1964 1080 2021 διὰ
1115 1973 1216 2021 τοῦ
1252 1969 1552 2038 προφήτου
1604 1964 1743 2040 ἐβόα
1796 1966 1981 2038 λέγων
2035 1966 2261 2040 »κύριος
2314 1964 2532 2025 ἔκτισεν
2583 1988 2659 2038 με
2694 1967 2875 2041 ἀρχὴν
2915 1967 3069 2023 ὁδῶν

377 2062 410 2097 ι’)
448 2068 669 2104 αυτουε.

615 2200 709 2254 Nr.
750 2202 815 2255 13
850 2202 950 2264 (Ro
989 2202 1074 2269 12)
1133 2193 1300 2267 οὗτος
1351 2201 1464 2271 γὰρ
1513 2202 1650 2271 ἡμῖν
1684 2210 1804 2267 τοῖς
1838 2204 2066 2269 δικαίως
2097 2202 2500 2259 πολιτεύεσθαι
2534 2202 3064 2272 μέλλουσιν·θεοσε-

445 2285 606 2355 ,θείας
643 2282 772 2350 ὁδὸς
805 2282 1067 2356 γέγονεν·
1105 2282 1252 2357 ἀρχὴ
1287 2292 1490 2342 πασῶν
1526 2292 1641 2342 τῶν
1675 2286 1822 2354 μετὰ
1859 2294 2037 2343 ταῦτα
2074 2287 2236 2343 ὁδῶν.

617 2435 710 2489 Nr.
749 2439 814 2489 14
850 2436 949 2504 (Re
985 2437 1070 2503 12)
1129 2432 1370 2507 »ἀρχὴν
1427 2436 1487 2493 δὲ
1536 2436 1742 2492 »boam«
1791 2436 1883 2493 διὰ
1918 2444 2087 2493 τοῦτο
2124 2436 2361 2505 εἰκότως
2395 2434 2619 2509 εἴρηκεν
2654 2436 2755 2495 τὸν
2790 2437 3069 2505 δεσπότην

449 2518 612 2587 ἡμῶν
649 2518 748 2575 τὸν
785 2526 1036 2591 σωτῆρα,
1081 2520 1224 2577 διότι
1271 2524 1368 2577 καὶ
1401 2527 1516 2577 τῶν
1553 2518 1786 2591 ἑτέρων,
1823 2513 1908 2577 ὧν
1953 2518 2297 2593 ἐσχήκαμεν,
2334 2521 2483 2579 ὁδῶν
2514 2521 2663 2591 μετὰ
2698 2526 2801 2592 τὴν
2833 2518 3067 2594 πρώτην

345 2600 415 2651 20
451 2603 586 2659 ὁδὸν
621 2600 768 2676 ἀρχὴ
803 2602 1066 2674 γέγονεν,
1119 2603 1222 2669 τὰς
1267 2604 1357 2661 διὰ
1393 2613 1509 2661 τῶν
1545 2602 1715 2678 ἱερῶν
1751 2603 2090 2663 ἀποστόλων
2124 2609 2309 2675 δηλῶν
2340 2608 2687 2680 παραδόσεις
2720 2612 2837 2661 τῶν
2892 2604 3067 2674 »μετὰ

447 2684 698 2757 ὕψηλοῦσι
745 2686 892 2744 κατὰ
935 2691 1038 2759 τὴν
1085 2689 1440 2761 προφητείαν
1493 2688 1913 2760 »κηρύγματοςα
1968 2690 2332 2763 κηρυξάντων
2384 2692 2519 2761 ἡμῖν
2552 2689 2621 2747 τὸ
2657 2690 2859 2747 καινὸν
2896 2696 3063 2746 τοῦτο

443 2774 773 2844 μυστήριον.

611 2923 706 2978 Nr.
747 2929 812 2980 15
849 2924 950 2992 (Re
985 2925 1072 2992 13)
1123 2919 1371 2980 »ἔκτισεν
1409 2917 1509 2981 οὖν
1543 2944 1645 2993 μεα
1687 2928 1857 2997 φησὶν
1897 2923 2106 2998 »ἀρχὴν
2144 2926 2292 2983 ὁδῶν
2339 2925 2515 2983 αὐτοῦ
2550 2923 2631 2992 εἰς
2666 2920 2807 3000 ἔργα
2844 2924 3067 2982 abtas-ae.

441 3013 581 3063 ποῖα
616 3007 676 3064 δὲ
711 3002 850 3080 ἔργα
890 3009 1082 3078 φησίν;
1135 3011 1271 3079 περὶ
1323 2999 1406 3064 ὧν
1453 3008 1486 3064 ό
1539 3013 1725 3082 σωτὴρ
1762 3008 1915 3081 λέγει
1962 3010 2025 3067 »ὁ
2067 3013 2257 3083 πατήρ
2290 3031 2405 3080 μου
2440 3005 2551 3076 ἕως
2585 3004 2715 3084 ἄρτι
2748 3007 3065 3082 ἐργάζεται,

337 3084 406 3138 25
437 3089 604 3161 κάγὼ
639 3089 986 3163 ἐργάζομαικ
1026 3095 1123 3148 καὶ
1160 3085 1329 3159 αὖθις
1365 3091 1462 3148 »τὸ
1501 3088 1702 3166 ἔργον
1744 3097 1919 3164 φησὶν
1959 3093 2289 3152 »ἐτελείωσα
2328 3091 2361 3151 ὃ
2396 3093 2645 3160 δέδωκάς
2678 3114 2827 3163 μοιι.

611 3243 704 3297 Nr.
743 3247 807 3300 16
843 3245 944 3309 (Re
981 3247 1066 3312 13)
1109 3245 1197 3310 τίς
1240 3243 1352 3315 γὰρ
1399 3243 1515 3315 πρὸ
1551 3251 1650 3313 τῆς
1692 3251 1807 3300 τῶν
1843 3245 2198 3317 πραγμάτων
2243 3243 2585 3311 ἀποδείξεως
2636 3241 2958 3300 ἐπίστευσεν
2994 3239 3065 3299 ἂν

439 3321 528 3382 ὅτι
579 3327 752 3399 λόγος
805 3331 948 3384 θεοῦ
1000 3328 1092 3384 διὰ
1145 3327 1438 3401 παρθένου
1483 3331 1707 3399 τεχθεὶς
1748 3332 1851 3398 τὴν
1886 3327 2172 3402 ἡμετέραν
2208 3327 2564 3401 ἀναλήψεται
2601 3327 2789 3402 σάρκα
2824 3330 2923 3384 καὶ
2962 3331 3061 3396 τὴν

437 3416 630 3466 πᾶσαν
666 3414 912 3482 θεότητα
949 3409 1010 3468 ἐν
1048 3409 1188 3482 αὐτῇ
1227 3420 1563 3481 σωματικῶς
1600 3410 1961 3480 ἐπιδείξεταις

607 3561 696 3615 Nr.
736 3565 800 3617 17
838 3563 940 3630 (Re
977 3565 1060 3630 14)
1101 3561 1243 3634 »πρὸ
1281 3569 1384 3618 τοῦ
1421 3561 1628 3628 αἰῶνος
1663 3559 2045 3632 ἐθεμελίωσέν
2077 3583 2209 3632 με»,
2246 3561 2516 3631 θεμέλιον
2550 3562 2657 3631 μὲν
2692 3569 2896 3618 τοῦτον
2933 3560 3061 3618 ὀνο-

336 3651 404 3705 30
436 3643 660 3713 μάζων,
707 3648 808 3715 τὴν
851 3645 998 3704 κατὰ
1044 3644 1229 3720 σάρκα
1275 3645 1452 3702 αὐτοῦ
1487 3651 1947 3720 προορισθεῖσαν
1980 3645 2335 3717 οἰκονομίαν.
2404 3641 2485 3713 ὥς
2534 3649 2632 3704 καὶ
2668 3646 2700 3702 ὁ
2738 3645 3061 3712 ἀπόστολος

606 3813 776 3868 3-6
823 3815 1158 3878 46,18--21
1209 3845 1276 3854 ·—
1337 3813 1532 3871 7--11
1583 3816 1675 3874 46,
1712 3815 1951 3871 23-27.
2018 3817 2134 3881 144,
2169 3815 2405 3878 14-18,’
2458 3816 2505 3868 9
2540 3807 2799 3883 (ἔκτισεν)
2855 3845 2921 3852 -
2976 3815 3060 3868 11

435 3881 556 3947 145,
587 3881 770 3936 7—10.
843 3883 958 3944 151,
980 3883 1180 3935 11--13
1215 3913 1281 3921 -
1314 3883 1566 3939 12-Ιό
1603 3884 1879 3948 145,1--4
1913 3913 1980 3922 —
2013 3881 2266 3939 16—1‘7
2294 3883 2413 3944 145,
2432 3883 2653 3934 20-21
2688 3913 2755 3920 —
2801 3882 3059 3938 18—22

433 3949 552 4013 145,
588 3949 810 4002 23—28
843 3981 910 3988 —
945 3951 1212 4006 23—26
1245 3949 1368 4012 146,
1404 3951 1627 4004 25-28
1661 3981 1727 3989 -
1762 3951 2029 4007 26-28
2062 3950 2177 4012 146,
2213 3949 2439 4003 30—33
2473 3981 2539 3988 —
2577 3949 3058 4017 29—S.188,3

435 4008 611 4147 ἕέφὲῑξ
648 4016 1500 4139 46,4321ῖᾷ961;9ἓ991(θεμέλιον)
1537 4047 1602 4057 -
1641 4019 1697 4071 S.
1732 4019 1897 4085 188,
1919 4020 1965 4074 ,2
2002 4018 2285 4089 (Χριστός)
2322 4018 2443 4085 147,
2470 4017 2703 4080 14—17,·
2745 4018 2799 4072 S.
2819 4019 2985 4085 188,
3012 4019 3057 4072 2

441 4139 451 4148 .
486 4102 517 4136 ν
558 4102 583 4146 ς
640 4113 707 4122 -“
935 4125 948 4152 5
1117 4121 1150 4137 -1

607 4221 638 4274 1
679 4219 838 4273 Prov.
873 4221 923 4285 8,
959 4221 1026 4273 22
1060 4251 1126 4258 -
1163 4221 1200 4274 4
1239 4221 1399 4277 Proxr.
1434 4221 1484 4286 8,
1521 4222 1588 4276 22
1621 4251 1687 4258 —
1734 4221 1771 4276 8
1809 4221 1969 4275 Prov.
2006 4221 2055 4286 8,
2091 4221 2158 4274 22
2209 4251 2275 4258 -
2333 4221 2405 4275 11
2447 4219 2611 4274 Prov.
2647 4220 2697 4284 8,
2733 4220 2802 4272 22
2854 4249 2921 4258 -—
2978 4221 3052 4274 12

433 4284 484 4338 II
523 4285 648 4340 Kor.
686 4290 734 4354 5,
772 4289 837 4342 17
872 4317 940 4326 --
977 4289 1055 4344 14
1092 4287 1248 4341 Prov.
1285 4291 1336 4354 8,
1371 4290 1437 4342 22
1471 4319 1538 4327 -
1577 4290 1648 4344 17
1691 4289 1814 4342 Joh.
1843 4289 1977 4352 14,6
2012 4317 2079 4327 —-
2114 4289 2277 4342 Prov.
2306 4289 2354 4350 8,
2384 4289 2451 4342 22
2485 4316 2553 4328 -
2591 4287 2667 4343 18
2704 4286 2868 4341 Prov.
2898 4288 2947 4354 8,
2987 4287 3053 4340 22

436 4353 558 4474 {211
595 4353 930 4488 Ξτξνέὶέἰ)
960 4355 1368 4488 ΕΟΞΒᾶΡὲἓν.
1404 4357 1452 4418 8,
1490 4357 1557 4410 22
1618 4385 1685 4396 -—
1740 4357 1819 4411 24
1874 4355 1997 4409 Joh.
2034 4358 2083 4424 5,
2121 4357 2183 4409 17
2235 4385 2303 4394 -—·
2358 4356 2435 4410 25
2488 4355 2609 4409 Joh.
2648 4357 2730 4421 17,
2765 4357 2799 4408 4
2850 4385 2918 4394 --
2973 4354 3051 4410 28

607 4556 642 4611 3
680 4553 786 4612 οὒκ
821 4548 923 4612 οὖν
957 4575 996 4626 g
1059 4560 1067 4624 Ι
1131 4560 1170 4613 9
1219 4555 1298 4623 εἰς
1333 4590 1400 4598 -
1435 4556 1610 4614 αὐτοῦ
1645 4569 1711 4617 <
1750 4560 1865 4626 144,
1903 4558 1967 4612 16
2014 4557 2023 4623 Ι
2086 4555 2197 4629 γὰρ
2234 4567 2299 4616 <
2336 4559 2452 4620 151,
2491 4559 2552 4611 11
2620 4557 2627 4622 Ι
2712 4557 2791 4611 10
2836 4555 2949 4626 γὰρ
2984 4567 3050 4615 <

436 4622 482 4674 v
519 4625 618 4710 46,μ
640 4624 706 4678 26
771 4627 779 4691 ι
844 4623 1036 4760 haffn}
1080 4633 1144 4688 ÷
1200 4623 1232 4681 ὁ
1287 4629 1402 4712 14⁴3,
1441 4629 1520 4681 17.
1594 4629 1708 4706 145,
1745 4627 1794 4680 8.
1856 4628 1971 4686 151,
2009 4625 2075 4678 12
2136 4626 2161 4708 ιΡ
2214 4624 2333 4709 105
2366 4620 2507 4680 ἀλλὰ
2544 4653 2609 4662 -
2646 4617 2863 4680 ἔκτισεν
2897 4633 2963 4683 <
2999 4624 3047 4675 v

431 4692 514 4758 46,
553 4692 614 4744 2(
655 4722 722 4730 -
761 4693 835 4748 11
891 4711 1002 4763 αρχ
1041 4712 1072 4747 ν
1107 4721 1174 4731 -
1211 4691 1386 4750 αὐτου
1421 4705 1487 4754 <
1520 4695 1603 4760 46,
1639 4695 1722 4748 21.
1795 4695 1909 4760 144,
1948 4693 2029 4747 18.
2101 4694 2215 4756 101,
2254 4694 2317 4746 13
2382 4692 2391 4759 Ι
2456 4691 2534 4746 29
2587 4689 2695 4758 μὲν
2728 4701 2795 4750 <
2832 4693 2946 4754 147,
2986 4693 3049 4745 14
