3694 5582
1179 518 1250 572 de
1283 518 1654 574 ecclesiastica
1685 519 1973 588 theologia.
2006 520 2031 572 I
2066 519 2147 574 20.
2885 529 2964 594 83

354 678 560 753 αὐτοῦ
603 689 714 752 καὶ
755 687 1079 772 κέκραγεν
1140 687 1388 770 λέγων·
1474 674 1678 764 οὗτος
1739 673 1824 771 ἧν
1885 677 1925 754 6
1988 677 2207 754 ὀπίσω
2258 713 2390 772 μου
2440 679 2823 773 ἐρχόμενος,
2888 677 2962 769 ὂς

353 782 734 870 ἔμπροσθέν
775 809 908 870 μου
951 787 1246 872 γέγονεν,
1293 811 1404 854 οτι
1445 780 1726 872 πρῶτός
1754 811 1885 871 μου
1928 774 2031 872 ἦν.
2093 780 2201 854 ὅτι
2231 788 2305 855 ἐκ
2334 790 2461 854 τοῦ
2502 784 2961 874 πληρώματος

353 879 559 953 αὐτοῦ
604 877 788 971 ἡμεῖς
830 878 1086 964 πάντες
1129 878 1511 969 ἐλάβομενε.
1582 878 1758 954 ἀλλὰ
1785 889 2097 967 βοῶντος
2124 878 2445 954 Ἰωάννου
2487 877 2598 954 ότι
2645 891 2962 973 »πρῶτος
2998 903 3065 956 14

351 973 466 1071 ἦνι
519 978 750 1065 αὐτοῦ,
798 979 924 1052 οὐκ
967 976 1200 1054 ἀκούει
1242 975 1282 1052 6
1325 987 1480 1062 νέος
1509 987 1902 1065 Σαβέλλιος.
1960 989 2188 1054 καίτοι
2214 981 2391 1053 κατὰ
2422 981 2633 1070 σάρκα
2660 989 2963 1074 προῆγεν

288 1091 318 1144 5
351 1088 473 1152 τοῦ
517 1086 830 1172 σωτῆρος
873 1080 1005 1170 τὴν
1032 1075 1364 1171 γένεσιν(
1326 1109 1366 1152 ο
1393 1080 1768 1170 βαπτιστὴς
1795 1078 2139 1172 Ιωᾶννης·
2190 1089 2342 1164 πῶς
2374 1075 2501 1154 οὖν
2534 1083 2961 1174 μαρτύρεται,

352 1210 457 1252 οτι
499 1189 780 1270 πρῶτος
824 1177 1039 1252 αυτοῦ
1082 1187 1391 1270 γέγονεν;
1452 1189 1536 1270 τῇ
1589 1187 1712 1271 μὲν
1765 1181 1891 1270 γὰρ
1943 1180 2119 1252 κατὰ
2164 1178 2375 1271 σάρκα
2419 1189 2667 1270 γενέσει
2708 1181 2833 1256 οῦκ
2877 1177 2963 1273 ἧν

350 1289 626 1368 πρῶτος
687 1277 902 1352 αυτοῦ
960 1274 998 1350 6
1064 1277 1324 1370 σωτήρ·
1393 1277 1648 1351 ουκοῦν
1705 1277 1863 1352 καθ’
1928 1275 1967 1352 6
2027 1282 2403 1371 μονογενὴς
2460 1274 2547 1371 ἦν
2606 1290 2732 1355 τοῦ
2790 1290 2962 1356 θεοῦ
2998 1305 3065 1359 15

354 1389 700 1470 »πρῶτοςι
749 1371 838 1469 ἦν
876 1375 1198 1452 Ἰωάννου
1248 1387 1359 1452 καὶ
1418 1384 1873 1471 »ἔμπροσθενε
1940 1377 2153 1452 αὐτοῦ
2218 1388 2585 1470 »γέγονενι
2670 1373 2772 1471 ἆρ’
2836 1375 2963 1455 οὗν

348 1483 720 1568 ἐπιδέχεται
762 1486 982 1552 ταῦτα
1024 1483 1134 1551 ἐπὶ
1178 1479 1306 1552 τὸν
1347 1485 1612 1569 πατέρα
1653 1487 1762 1550 καὶ
1816 1477 1989 1552 θεὸν
2042 1487 2193 1550 τῶν
2246 1473 2437 1552 ὅλων
2482 1478 2959 1570 ἀναφέρεσθαι,

254 1601 315 1654 10
347 1577 388 1669 ἢ
429 1585 545 1651 ἐπὶ
589 1575 914 1652 ανούσιον
954 1587 1068 1652 καὶ
1113 1574 1596 1652 ανυπόστατον
1639 1584 1714 1651 ἐν
1755 1585 1862 1669 τῷ
1908 1587 2053 1671 θεῷ
2108 1577 2319 1667 λόγον
2362 1579 2489 1652 τὸν
2535 1577 2747 1652 αὐτὸν
2790 1575 2962 1652 ὅντα

347 1687 448 1770 τῷ
493 1686 672 1769 θεῷ,·
740 1689 852 1751 καὶ
897 1687 1048 1762 πῶς
1093 1709 1178 1749 αν
1221 1684 1321 1770 εἴη
1385 1676 1683 1751 δυνατὸν
1742 1685 1891 1767 περὶ
1956 1685 2082 1749 τοῦ
2141 1678 2229 1768 μὴ
2291 1675 2693 1767 υφεστῶτος
2753 1677 2965 1771 λόγου

349 1787 662 1869 λέγεσθαι
705 1777 788 1850 τὸ
839 1783 1264 1868 »ἔμπροσθέν
1305 1806 1436 1865 μου
1489 1786 1841 1868 γέγονεν«,·
1912 1787 2017 1862 τίς
2079 1775 2144 1850 ‹5’
2208 1773 2433 1860 οὕτως
2494 1775 2647 1900 (aoy)
2706 1788 2962 1871 μανείη,

347 1911 440 1963 ως
487 1887 754 1969 νομίσαι
795 1875 1118 1968 Ἰωάννην
1160 1877 1290 1950 τὸν
1333 1879 1720 1968 βαπτιστὴν
1759 1886 1915 1968 περὶ
1960 1885 2085 1950 τοῦ
2127 1883 2299 1949 θεοῦ
2350 1885 2499 1948 τῶν
2552 1872 2743 1952 ολων
2794 1886 2963 1972 εἰρη-

344 1987 532 2051 κέναι
592 1979 674 2050 τὸ
741 1982 1167 2069 »ἔμπροσθέν
1225 2006 1358 2067 μου
1418 1985 1728 2067 γέγονεν(
1795 1985 1907 2048 καὶ
1972 2008 2121 2050 »οτι
2179 1975 2459 2066 πρῶτός
2516 2006 2649 2068 μου
2722 1989 2732 2065 Ι
2806 1973 2964 2071 ἦνσς
3005 1997 3081 2053 86

253 2097 312 2150 15
346 2075 598 2150 οὐκοῦν
657 2083 990 2150 δέδεικται
1051 2078 1160 2149 διὰ
1222 2075 1499 2149 τούτων
1557 2075 2024 2167 προϋπάρχων
2084 2083 2207 2168 τῆς
2264 2073 2582 2149 Ἰωάννου
2640 2085 2962 2167 γενέσεως
2998 2101 3062 2156 16

344 2185 452 2252 56*
501 2173 539 2249 6
583 2175 1123 2266 θεολογούμενος
1165 2186 1276 2250 καὶ
1322 2181 1706 2266 ἔμπροσθεν
1749 2174 1962 2247 αυτοῦ
2006 2177 2331 2266 γεγονώς,
2395 2183 2679 2269 συνέστη
2740 2209 2816 2251 τε
2878 2211 2961 2252 ου

343 2275 562 2368 μόνον
606 2274 814 2368 λόγος
857 2275 1030 2350 ἀλλὰ
1075 2285 1187 2348 καὶ
1229 2275 1392 2360 θεὸς
1434 2285 1546 2348 καὶ
1592 2284 1743 2364 φῶς
1771 2283 1883 2348 καὶ
1912 2277 2283 2366 μονογενὴς
2311 2277 2447 2364 πρὸ
2479 2283 2601 2367 τῆς
2631 2275 2963 2369 ἐνσάρκου

343 2386 717 2468 παρουσίας
759 2375 1086 2466 υπάρχων
1129 2405 1204 2449 τε
1248 2384 1358 2447 καὶ
1403 2374 1899 2465 ὠνομασμένος.

510 2475 593 2566 <ε’
599 2483 646 2565 .>
689 2475 970 2550 τούτων
1011 2481 1084 2547 δὲ
1125 2472 1354 2548 πόθεν
1396 2473 1437 2567 ἦ
1457 2499 1756 2606 ζγνωσις
1772 2483 1879 2565 τῷ
1926 2478 2379 2597 εὐαγγελιστῇ,
2424 2473 2631 2558 αὐτὸς
2673 2477 2963 2566 δηλώσει

245 2589 310 2644 20
345 2584 566 2666 λέγων
626 2577 776 2667 ἑξῆς
839 2571 916 2647 »6
976 2577 1354 2665 μονογενὴς
1408 2575 1554 2659 υἱὸς
1615 2569 1654 2646 6
1713 2603 1818 2646 ων
1878 2580 1971 2657 εἰς
2026 2574 2156 2647 τὸν
2196 2573 2467 2647 κόλπον
2510 2582 2636 2648 τοῦ
2678 2575 2960 2666 πατρός,

343 2681 606 2758 ἐκεῖνος
649 2673 1080 2764 ἐξηγήσατοι.
1168 2671 1331 2768 ὁρᾷς
1371 2676 1557 2765 παρὰ
1601 2683 1790 2756 τίνος
1831 2671 2221 2764 μεμάθηκεν
2271 2680 2400 2746 τοῦ
2440 2676 2591 2745 υἱοῦ
2632 2674 2765 2766 τὴν
2806 2688 2959 2750 θεο-

344 2771 768 2865 λογίαν.ου
809 2775 934 2865 γὰρ
981 2781 1236 2865 Μωσῆς
1279 2800 1490 2865 φησιν
1533 2771 1687 2847 ουδὲ
1729 2780 2118 2865 προφητῶν
2161 2803 2265 2857 τις
2308 2780 2456 2847 τῶν
2496 2775 2663 2862 μετὰ
2708 2783 2959 2849 Μωσέα
2994 2791 3058 2846 17

341 2874 502 2947 ουδέ
543 2904 618 2964 γε
659 2870 970 2965 ἀγγέλων
1012 2904 1118 2958 τις
1169 2872 1214 2963 ἢ
1274 2882 1424 2947 τῶν
1481 2873 1901 2963 κρειττόνων
1960 2872 2337 2963 δυνάμεων,
2402 2871 2549 2947 ἀλλ’
2612 2873 2819 2960 αῦτός
2883 2872 2957 3001 »²6

337 2974 714 3097 μονογενὴς
765 2972 912 3057 υἱὸς
965 2971 1152 3047 τοῦτ’
1208 2973 1633 3065 ἐξηγήσατοα.
1718 2972 1971 3046 οὐκοῦν
2023 2969 2061 3045 6
2113 2980 2237 3063 μὲν
2279 2971 2572 3063 ἀόρατος
2612 2974 2777 3058 θεὸς
2836 2974 2960 3050 οὐκ

243 3090 306 3145 25
339 3072 738 3165 ἐξηγήσατο,
814 3070 853 3145 6
926 3082 998 3146 δὲ
1061 3074 1435 3164 μονογενὴς
1491 3074 1640 3157 υἱὸς
1699 3069 1951 3162 ὁρατὸς
2011 3072 2373 3163 γενόμενος
2432 3074 2563 3164 τὴν
2618 3082 2773 3163 περὶ
2836 3084 2961 3149 τοῦ

337 3173 606 3265 πατρὸς
651 3171 1053 3296 ἀνθρώποις
1095 3172 1404 3263 ἐξήγησιν
1445 3171 1835 3263 ἐποιήσατο,
1884 3174 2109 3262 ἕτερος
2154 3166 2260 3243 ὢν
2306 3172 2562 3263 δηλαδὴ
2605 3175 2791 3261 παρὰ
2834 3175 2962 3249 τὸν

340 3273 646 3363 ἀόρατον
690 3270 880 3345 θεόν.
965 3270 1140 3345 ἀλλὰ
1196 3280 1310 3345 καὶ
1366 3270 1828 3362 προϋπάρχων
1888 3265 1979 3361 ἧν
2039 3270 2163 3345 οῦκ
2223 3276 2299 3343 ἐν
2359 3279 2443 3361 τῇ
2507 3279 2773 3367 διανοίᾳ
2834 3282 2961 3347 τοῦ

336 3373 630 3464 πατρός,
688 3370 784 3455 αἷς
828 3370 1046 3444 ἐδόκει
1087 3379 1497 3462 Μαρκέλλῳ
1551 3370 1703 3445 ἀλλ’
1749 3378 1823 3445 ἐν
1877 3390 2023 3456 τοῖς
2074 3370 2361 3457 κόλποις
2412 3368 2652 3445 αυτοῦ·
2730 3371 2960 3462 ωσπερ

338 3475 418 3565 δὴ
481 3472 641 3564 ἡμῖν
699 3470 1106 3563 ἐπήγγελται
1167 3465 1205 3541 6
1269 3472 1500 3562 σωτὴρ
1567 3478 1660 3555 είς
1705 3470 2023 3595 κόλπους
2071 3470 2387 3594 Ἀβραὰμ
2418 3478 2529 3543 καὶ
2572 3468 2788 3545 Ἰσαὰκ
2847 3483 2960 3546 καὶ

237 3588 305 3645 30
335 3570 576 3660 Ἰακοὸβ
615 3570 1220 3653 όιαναπαύσασθαι,
1265 3599 1488 3654 ουτως
1529 3581 1644 3644 καὶ
1687 3567 1725 3642 6
1769 3570 1917 3655 υἱὸς
1963 3574 2093 3655 »εἰς
2136 3570 2266 3643 τὸν
2307 3568 2610 3643 κόλπον«
2659 3564 2747 3662 ἦν
2795 3581 2959 3697 »τοῦ

335 3670 664 3761 πατρόςι,
710 3668 832 3761 οὐχ
875 3670 968 3754 εἶς
1011 3677 1121 3743 καὶ
1167 3665 1206 3740 6
1252 3666 1459 3754 αὐτὸς
1503 3700 1605 3744 ων
1651 3678 1752 3761 τῷ
1795 3680 2024 3762 πατρί,
2069 3676 2213 3743 ἐπεὶ
2254 3677 2421 3761 μηδὲ
2452 3667 2635 3760 ἡμεῖς
2672 3676 2736 3744 οἱ
2765 3670 2956 3745 αυτοὶ

337 3772 634 3863 ἐσόμεθα
679 3789 825 3853 τοῖς
870 3767 1082 3859 ἆγίοις
1125 3767 1484 3857 πατράσιν.
1569 3768 1740 3843 ἀλλὰ
1803 3771 1931 3859 γὰρ
1982 3774 2093 3841 ἐπὶ
2152 3768 2429 3853 τούτοις
2492 3768 2704 3858 τήρει,
2769 3766 2959 3856 ὅπως
2996 3792 3061 3849 18

337 3872 508 3962 μετὰ
554 3870 638 3942 τὸ
683 3863 862 3957 ἅπαξ
906 3865 1236 3958 ὀνομάσαι
1281 3866 1492 3959 λόγον
1534 3878 1646 3942 καὶ
1689 3870 1864 3943 θεὸν
1906 3868 2035 3941 τὸν
2062 3866 2278 3943 αὐτὸν
2322 3866 2624 3943 ἀνειπεῖν
2666 3878 2777 3941 καὶ
2807 3880 2958 3959 φῶς

511 4094 550 4149 3
599 4092 722 4148 Joh.
761 4096 808 4157 1,
846 4093 912 4147 15
964 4120 1032 4129 —
1085 4090 1122 4146 8
1175 4090 1299 4146 Joh.
1336 4093 1383 4157 1,
1421 4095 1486 4147 15
1538 4121 1603 4131 —
1661 4093 1734 4147 12
1775 4091 1898 4148 Joh.
1937 4095 1983 4155 1,
2022 4093 2088 4147 15
2141 4120 2205 4131 —-
2262 4090 2383 4147 141
2413 4091 2535 4146 Joh.
2575 4093 2621 4159 1,
2660 4095 2725 4149 15
2760 4122 2827 4131 --
2878 4094 2958 4149 20

333 4196 460 4251 Joh.
499 4198 635 4261 1,18
673 4222 736 4233 -
773 4192 852 4248 28
889 4193 1012 4252 Joh.
1040 4193 1175 4257 1,18
1210 4221 1275 4231 ——
1312 4191 1385 4248 27
1431 4194 1541 4263 vgl.
1561 4193 1653 4247 Nr.
1677 4194 1756 4249 16.
1776 4194 1925 4263 53(‘?)
1965 4222 2028 4231 —
2066 4194 2145 4248 29
2182 4193 2382 4247 Matth.
2418 4191 2467 4259 8,
2494 4194 2575 4247 11.
2612 4193 2748 4249 Luk.
2784 4196 2866 4259 13,
2892 4196 2959 4251 28

335 4327 402 4337 —
436 4298 515 4353 80
552 4296 674 4352 Joh.
712 4300 758 4363 1,
784 4300 850 4352 18

518 4497 547 4551 1
589 4492 674 4567 ἦν]
712 4504 778 4562 -1-
815 4494 880 4553 av
917 4490 1080 4553 εἶπον
1116 4496 1211 4550 ΝΤ
1275 4496 1284 4564 Ι
1349 4498 1386 4552 6
1421 4496 1640 4567 γενήσει
1681 4496 1726 4550 V
1791 4498 1800 4564 Ι
1869 4496 1944 4552 12
1993 4492 2066 4553 ἂν
2102 4496 2207 4549 We
2270 4496 2279 4563 1
2349 4495 2424 4550 19
2469 4486 2514 4549 ε’
2548 4492 2689 4558 hier,
2736 4496 2809 4551 da
2842 4515 2959 4551 nun

336 4598 430 4653 dio
467 4598 648 4654 fflnfte
683 4598 1084 4668 Bezeichnung,
1121 4598 1202 4652 als
1237 4593 1380 4664 υὶός,
1418 4597 1635 4653 eintritt
1669 4598 1741 4651 Kl
1805 4600 1812 4665 Ι
1881 4598 1959 4654 25
1998 4592 2249 4670 ἀόρατος
2283 4596 2380 4663 V*,
2418 4612 2552 4651 corr.
2591 4596 2669 4649 V²
2712 4597 2721 4667 Ι
2776 4599 2854 4654 29
2890 4600 2955 4667 δὴ

335 4697 575 4755 mth

2460 4782 2535 4836 6*
