3694 5582
1177 490 1248 546 de
1283 491 1656 547 ecelesiastica
1687 491 1975 561 theologia.
2010 492 2059 545 II
2098 491 2315 544 12-14.
2938 499 3049 558 115

431 661 642 740 πατρὶ
681 661 796 724 καὶ
841 649 1056 724 αὐτὸν
1099 655 1270 726 εἶναι
1313 649 1681 743 ὖπολάβῃς,
1725 653 2035 744 μάνθανε
2082 661 2151 726 δὲ
2196 646 2305 724 ὅτι
2340 657 2450 724 »ἐν
2478 650 2648 742 ἀρχῇ
2691 644 2811 742 ἧν(
2848 643 3054 733 οὗτος

433 749 476 825 6
519 754 684 835 θεὸς
729 750 948 841 λόγος.
1035 762 1192 826 τίνα
1253 750 1318 824 δ’
1363 752 1578 826 αὐτοῦ
1630 755 1760 844 τὴν
1803 753 2019 845 ἀρχὴν
2060 752 2455 841 υφὶσταται,
2518 760 2831 839 διασαφεῖ
2886 753 3063 840 ἑξῆς,

437 852 563 925 οὐκ
605 853 851 926 εἰπών·
899 859 1012 922 καὶ
1049 845 1094 924 6
1139 851 1342 941 λόγος
1385 846 1472 943 ἦν
1515 849 1554 925 6
1597 851 1779 939 θεός,
1823 855 1992 944 μετὰ
2038 861 2159 944 τῆς
2191 860 2315 925 τοῦ
2344 853 2611 942 ἄρθρου
2638 850 3053 942 προσθήκης,

435 958 550 1024 ἵνα
588 953 678 1042 μὴ
723 951 939 1024 αὐτὸν
981 954 1154 1024 εἶναι
1196 951 1326 1024 τὸν
1368 959 1478 1024 ἐπὶ
1522 952 1818 1026 πάντων
1861 951 2185 1043 ὁρίσηται,
2230 949 2378 1025 άλλ
2425 949 2590 1025 ουδ’·
2634 958 2709 1022 ἐν
2753 959 2854 1041 τῷ
2884 957 3051 1040 θεῷ,

361 1065 398 1116 5
435 1057 548 1124 ἵνα
591 1055 682 1143 μὴ
723 1051 1074 1140 καταβάλῃ
1119 1057 1230 1124 ἐπὶ
1275 1051 1406 1142 τὴν
1450 1048 1904 1174 ἀνθρωπίνην
1948 1049 2343 1142 ὁμοιότητα,
2392 1050 2567 1126 ἀλλὰ
2602 1060 2749 1122 »καὶ
2778 1047 2817 1122 6
2814 1048 3053 1172 ,λόγος

434 1145 524 1277 ἦεν
567 1151 742 1241 πρὸς
786 1151 913 1223 τὸν
955 1152 1158 1223 θεόνε
1211 1157 1357 1242 ἔφη.
1443 1158 1501 1224 εἰ
1542 1153 1670 1242 γὰρ
1716 1152 1985 1243 εἰρήκει·
2028 1160 2140 1224 καὶ
2184 1149 2223 1224 6
2267 1151 2470 1242 λόγος
2514 1180 2599 1242 ην
2641 1155 2717 1222 ἐν
2746 1158 2850 1241 τῷ
2881 1159 3121 1240 θεῷ,4

434 1250 532 1336 ὦς
576 1257 651 1324 ἐν
697 1249 1122 1342 υποκειμένῳ
1167 1251 1571 1341 συμβεβηκὸς
1623 1261 1735 1324 καὶ
1789 1283 1887 1336 ως
1950 1253 2185 1342 ἕτερον
2246 1258 2321 1324 ἐν
2381 1254 2593 1340 ἑτέρῳ
2656 1249 2839 1335 δούς,
2902 1249 3051 1320 σύν·

433 1363 652 1424 θετον
712 1350 1066 1440 ὥσπερ<εὶ>
1129 1354 1388 1440 εἰσῆγεν
1449 1351 1600 1441 <ἷὶν>
1668 1351 1794 1425 τὸν
1855 1349 2053 1438 θεόν,
2117 1349 2353 1424 οὐσίαν
2403 1358 2525 1439 μὲν
2570 1347 2863 1422 αὐτὸν(
2818 1377 3053 1421 υποτι-

432 1457 721 1540 θέμενος
766 1458 916 1540 δίχα
959 1451 1172 1540 λόγου
1217 1449 1626 1542 συμβεβηκὸς
1667 1458 1740 1523 δὲ
1783 1459 1871 1540 τῇ
1916 1449 2108 1544 οὐσίᾳ
2139 1451 2265 1522 τὸν
2294 1448 2523 1540 λόγον.
2595 1443 2762 1536 ὅπερ
2792 1455 3052 1539 οἰηθεὶς
3084 1459 3119 1512 5

329 1559 400 1614 10
435 1549 832 1638 Μάρκελλος
876 1549 1006 1623 τὸν
1047 1556 1312 1636 πατέρα
1353 1559 1466 1621 καὶ
1508 1549 1640 1623 τὸν
1680 1550 1834 1623 υἱὸν
1878 1556 1985 1623 ἐπὶ
2038 1548 2119 1622 τὸ
2174 1548 2343 1622 αύτὸ
2398 1547 2693 1639 συνάγει,
2759 1548 2887 1638 τὴν
2929 1554 3053 1638 μὲν

435 1648 674 1724 ούσίαν
715 1658 955 1724 καλῶν
997 1649 1126 1722 τὸν
1169 1657 1456 1738 πατέρα,
1503 1649 1631 1721 τὸν
1674 1646 1741 1721 6'
1787 1656 1863 1722 ἐν
1906 1647 2095 1740 αὐτῷ
2142 1647 2351 1738 λόγον
2394 1649 2521 1722 τὸν
2558 1647 2735 1722 υἱόν·
2807 1645 2890 1720 ού
2940 1661 3053 1720 λο-

432 1749 790 1840 γισάμενος
843 1747 946 1846 ‚⁰59
1008 1745 1047 1821 6
1108 1755 1322 1822 τοῦτο
1384 1749 1637 1834 διδούς,
1699 1748 1826 1823 τὸν
1887 1750 2058 1822 θεὸν
2118 1751 2281 1822 ἄνευ
2343 1749 2550 1837 λόγου
2609 1747 3051 1836 υποθέμενος,

433 1848 626 1940 ἀθέῳ
669 1859 784 1921 καὶ
826 1855 1129 1935 δυσσεβεῖ
1162 1856 1514 1936 περιπέσοι
1559 1879 1645 1920 αν
1687 1847 1971 1939 δόγματι
2004 1847 2173 1921 θεὸν
2203 1850 2460 1938 ἄλογον
2488 1846 3051 1938 παραδεχόμενος,

434 1953 678 2038 ἔχοντα
731 1957 853 2040 μὲν
915 1947 1129 2037 λόγον
1191 1946 1287 2031 οὖς
1345 1947 1808 2038 συμβεβηκότα
1864 1954 1941 2022 ἐν
2002 1947 2190 2038 αύτῷ
2266 1979 2346 2020 ου
2415 1949 2551 2040 μὴν
2609 1945 2821 2019 αύτὸν
2880 1941 3053 2020 ὄντα

327 2061 396 2114 15
433 2047 707 2138 λόγον·
745 2055 903 2121 δέον
947 2051 1021 2120 ἕν
1065 2078 1132 2120 τι
1177 2058 1401 2131 θεῖον,
1448 2048 1766 2138 ἄρρητον,
1801 2046 2101 2170 τάγαθόν,
2146 2045 2445 2132 ἁπλοῦν,
2490 2046 2889 2130 ἀσύνθετον,
2934 2077 3045 2137 μο-
3084 2053 3118 2106 6

431 2156 690 2234 νοειδὲς
758 2148 842 2220 τὸ
915 2153 1226 2220 ἐπέκεινα
1297 2155 1446 2219 τῶν
1520 2142 1710 2220 ὅλων
1781 2144 2168 2236 ὁμολογεῖν,
2243 2145 2611 2230 αὖτόθεον,
2684 2143 3048 2230 αύτονοῦν,

431 2247 836 2338 αύτόλογον,
883 2245 1324 2334 αὖτοσοφίαν,
1357 2245 1702 2334 αύτοφῶς,
1737 2244 2118 2336 αὖτοζωῆν,
2160 2244 2563 2328 αὕτοκαλόν,
2612 2243 3052 2334 αὐτοαγαθόν

435 2343 606 2420 ὄντα
649 2356 761 2420 καὶ
807 2346 1083 2419 τούτων
1127 2341 1165 2418 6'
1212 2377 1279 2418 τι
1324 2345 1409 2418 ἄν
1453 2376 1556 2430 τις
1597 2367 1918 2436 κρεῖττον
1962 2345 2414 2436 ἐπινοήσειεν,
2458 2353 2722 2435 μᾶλλον
2765 2341 2832 2416 6'
2859 2341 3050 2433 ’ύπὲρ

429 2444 664 2518 πάντα
707 2453 875 2520 νοῦν
915 2453 1030 2517 καὶ
1071 2444 1292 2537 πάσης
1336 2453 1646 2519 ἐπέκεινα
1690 2452 1992 2528 διανοίας
2038 2475 2111 2516 τε
2156 2454 2267 2517 καὶ
2312 2443 2765 2534 ἐνθυμήσεως,
2812 2445 2939 2516 τὸν
2978 2451 3047 2516 δὲ
3084 2441 3117 2508 7

326 2555 400 2610 20
436 2545 694 2619 τούτου
752 2553 1093 2636 μονογενῆ
1151 2546 1324 2632 υἱόν,
1387 2545 1484 2629 ὣς
1545 2544 1633 2617 ἂν
1691 2541 1923 2618 εἰκόνα
1975 2552 2101 2617 τοῦ
2150 2544 2411 2630 πατρὸς
2454 2550 2525 2631 ἐξ
2567 2541 2783 2617 αὐτοῦ
2823 2542 3049 2632 φύντα

433 2645 663 2736 πάντη
725 2675 803 2718 τε
861 2654 972 2716 καὶ
1039 2675 1216 2718 κατα
1275 2644 1508 2719 πάντα
1569 2640 1986 2736 ὁμοιότατον
2048 2639 2219 2716 ὄντα
2261 2653 2365 2734 τῷ
2420 2643 2878 2733 γεγεννηκότι,
2941 2653 3050 2716 καὶ
3068 2699 3133 2753 s

435 2744 652 2820 αὐτὸν
695 2744 865 2819 θεὸν
907 2753 1021 2817 καὶ
1065 2751 1233 2819 νοῦν
1276 2754 1388 2820 καὶ
1434 2742 1644 2836 λόγον
1695 2751 1805 2815 καὶ
1852 2752 2102 2832 σοφίαν
2144 2752 2257 2817 καὶ
2302 2743 2485 2834 ζωὴν
2527 2750 2639 2816 καὶ
2685 2752 2837 2865 φῶς
2880 2747 3051 2819 εἶναι

434 2844 650 2918 αυτοῦ
692 2873 768 2916 τε
813 2852 940 2917 τοῦ
981 2852 1199 2919 καλοῦ
1242 2856 1354 2918 καὶ
1396 2845 1664 2965 &ruffo-33
1707 2843 1957 2922 εἰκόνα,
2005 2874 2128 2917 ουκ
2172 2840 2389 2916 αὐτὸν
2432 2838 2605 2915 ὄντα
2636 2843 2762 2917 τὸν
2790 2853 3050 2933 πατέρα

433 2944 608 3018 ἀλλὰ
653 2944 782 3017 τὸν
825 2952 953 3018 τοῦ
995 2944 1259 3035 πατρὸς
1300 2952 1637 3036 μονογενῆ
1668 2942 1840 3029 υἱόν,
1886 2941 2036 3017 ουδ’
2069 2942 2285 3017 αὐτὸν
2315 2937 2487 3015 ὄντα
2516 2944 2643 3017 τὸν
2674 2944 3051 3034 ἀγέννητον

321 3058 398 3113 25
431 3053 544 3117 καὶ
589 3045 890 3133 ἄναρχον
931 3042 1108 3116 ἀλλὰ
1153 3046 1280 3117 τὸν
1322 3051 1392 3132 ἐξ
1437 3042 1651 3117 αύτοῦ
1694 3043 1921 3131 φύντα
1949 3052 2063 3115 καὶ
2092 3040 2305 3133 ἀρχὴν
2344 3042 2893 3133 ἐπιγραφόμενον
2922 3044 3048 3117 τὸν

433 3143 904 3235 γεγεννηκότα.
1007 3148 1065 3215 εἰ
1135 3151 1206 3215 δὲ
1275 3143 1550 3227 τούτοις
1623 3141 2007 3231 ἀντιλέγων
2074 3142 2477 3231 Μάρκελλος
2548 3140 2805 3215 ταύτὸν
2876 3146 3047 3216 εἶναι
3078 3158 3114 3211 8

433 3242 684 3332 φάσκοι
730 3244 856 3317 τὸν
898 3242 1072 3316 θεὸν
1135 3250 1146 3331 Ι
1211 3252 1324 3316 καὶ
1367 3243 1494 3315 τὸν
1539 3248 1612 3314 ἐν
1654 3241 1844 3334 αύτῷ
1892 3241 2129 3331 λόγον,
2186 3241 2570 3315 ἀσύνθετον
2621 3250 2732 3315 καὶ
2778 3239 3048 3315 άπλοῦν
3085 3258 3203 3314 122

433 3345 564 3417 τὸν
605 3344 774 3417 θεὸν
817 3340 1228 3433 ὁριζόμενος,
1277 3342 1426 3431 ὥρα
1467 3341 1638 3433 μήτε
1680 3350 1943 3430 πατέρα
1986 3341 2153 3431 μήτε
2196 3341 2353 3413 υἱὸν
2406 3337 2767 3430 ὁμολογεῖν
2810 3339 3043 3422 αὐτόν,

431 3443 752 3531 ἄντικρυς
812 3449 884 3515 δὲ
945 3443 1074 3515 τὸν
1115 3440 1438 3515 Ἰουδαῖον
1480 3439 1987 3530 προβάλλεσθαι
2042 3438 2083 3530 ἢ
2140 3441 2267 3513 τὸν
2310 3446 2689 3526 Σαβέλλιον
2742 3437 3047 3528 εἰσάγειν,

321 3554 396 3609 30
429 3551 694 3667 πατέρα
751 3550 864 3615 καὶ
922 3542 1076 3613 υιὸν
1129 3540 1256 3613 τὸν
1307 3539 1522 3613 αυτὸν
1575 3544 1743 3612 εἶναι
1787 3539 2168 3628 φάσκοντα·
2242 3538 2417 3611 ὥστε
2477 3536 2628 3609 κατ’
2692 3536 2905 3611 αὐτὸν
2964 3540 3047 3611 τὸ

435 3648 548 3763 »fv
592 3640 762 3732 ἀρχῇ
807 3634 893 3733 ἦν
937 3637 976 3715 6
1022 3639 1256 3731 λογοςε
1307 3648 1458 3715 ἰ’σον
1502 3644 1670 3713 εἶναι
1715 3648 1818 3731 τῷ
1865 3646 1939 3711 ἐν
1982 3636 2149 3728 ἀρχῇ
2194 3632 2315 3761 ἦνς
2312 3634 2351 3711 6
2388 3637 2568 3721 θεός,
2613 3646 2726 3710 καὶ
2772 3639 2852 3711 τὸ
2903 3646 3047 3709 »καὶ

431 3738 720 3831 όλόγος
764 3734 853 3831 ἦν
891 3742 1067 3830 πρὸς
1111 3740 1239 3812 τὸν
1280 3741 1487 3813 &sam
1551 3745 1702 3813 ἴσον
1755 3741 1929 3811 εἶναι
1975 3746 2075 3829 τῷ
2121 3746 2232 3810 καὶ
2278 3734 2315 3810 6
2362 3738 2523 3819 θεὸς
2578 3729 2661 3827 ἧν
2704 3738 2877 3825 πρὸς
2920 3738 3049 3809 τὸν

429 3838 622 3925 θεόν,
669 3836 924 3929 ὁμοίως
967 3848 1040 3912 δὲ
1081 3848 1193 3911 καὶ
1235 3840 1320 3911 τὸ
1365 3849 1606 3928 τρίτον
1651 3836 1909 3911 ταύτόν
1954 3841 2123 3910 εἶναι
2168 3844 2270 3929 τῷ
2314 3845 2425 3908 καὶ
2467 3837 2632 3918 θεὸς
2676 3840 2763 3926 ἦν
2792 3832 2829 3908 6
2862 3835 3043 3920 θεός,
3078 3857 3113 3911 9

431 3971 474 4011 α
519 3940 602 4029 δὴ
645 3939 820 4027 πρὸς
864 3947 966 4029 τῷ
1013 3936 1464 4029 άσυναρτὴτῳ
1507 3946 1620 4009 καὶ
1661 3938 2213 4026 παραλογώτατα
2267 3942 2365 4027 εἴη
2410 3966 2515 4009 αν.
2600 3944 2751 4019 πῶς
2812 3942 2883 4007 δὲ
2933 3945 3045 4008 καὶ

324 4050 394 4103 35
431 4039 514 4111 τὸ
583 4038 850 4121 »πάντα
903 4012 995 4111 δι’
1059 4035 1274 4111 αύτοῦ
1327 4044 1629 4127 ἐγένετο»
1679 4039 1913 4125 χώραν
1956 4038 2113 4122 εξει,
2161 4038 2314 4120 ἑνὸς
2360 4030 2566 4117 ὄντος
2609 4043 2737 4108 τοῦ
2778 4065 3047 4109 υποκει-

609 4262 638 4316 1
679 4260 804 4315 Joh.
841 4264 888 4327 1,
925 4262 952 4312 1
993 4288 1058 4299 —
1093 4262 1128 4313 5
1163 4259 1286 4313 Joh.
1325 4262 1374 4323 1,
1409 4262 1438 4313 1
1499 4288 1565 4297 —-
1621 4260 1698 4315 2ss
1749 4260 1862 4329 vgl.
1899 4258 1991 4312 Nr.
2030 4260 2097 4315 62
2130 4288 2197 4297 -
2235 4258 2309 4314 81
2349 4258 2473 4312 Joh.
2512 4261 2557 4323 1,
2594 4260 2623 4311 1
2661 4288 2727 4295 —
2772 4258 2894 4313 Joh.
2932 4260 2979 4323 1,
3017 4261 3045 4313 1

429 4392 498 4403 —
535 4363 614 4418 38
648 4362 772 4417 Joh.
811 4365 857 4428 1,
895 4365 926 4415 1
961 4390 1030 4400 -
1066 4361 1138 4415 85
1171 4360 1294 4417 Joh.
1335 4364 1381 4426 1,
1417 4364 1449 4415 3

601 4562 638 4619 8
674 4558 925 4634 ὡσπερεὶ
960 4560 1184 4631 εἰσῆγεν
1211 4557 1304 4623 ,ἂν
1341 4560 1445 4617 We
1509 4562 1518 4629 Ι
1586 4560 1662 4615 15
1709 4558 1987 4616 σύνθετον
2024 4560 2133 4626 V*‚
2186 4578 2323 4615 corr.
2360 4560 2437 4613 V²
2498 4561 2507 4625 Ι
2574 4559 2651 4615 16
2698 4555 2873 4613 αὐτὸν
2906 4558 3047 4613 θεὸν

433 4662 528 4727 V*‚
565 4680 700 4718 corr.
737 4662 817 4719 Re
882 4665 890 4731 Ι
958 4664 1034 4719 18
1071 4658 1132 4718 εἴ
1157 4682 1208 4717 τι
1243 4656 1316 4718 ἄν
1339 4681 1423 4727 τις
1446 4663 1539 4716 ΜΟ
1605 4664 1612 4729 Ι
1681 4663 1754 4717 21
1797 4659 2147 4731 ὁμοιοτάτην
2185 4661 2232 4714 V
2298 4663 2308 4728 Ι
2374 4662 2453 4717 29
2489 4658 2569 4728 δὲ]
2606 4666 2671 4723 -Ι-
2708 4658 2784 4727 ἦῗ

1544 4778 1616 4822 ,ἰ
1685 4776 1864 4822 nl,
2545 4746 2621 4799 S*
