3694 5582
235 3738 293 3765 f.
381 3720 626 3764 ῐ(«(’““

257 3812 266 3822 .
343 3800 593 3851 ;,.μ-ἶ

675 481 793 544 108
1843 479 2111 536 Eusebius

797 630 1024 722 αὖθις,
1087 636 1184 722 αἷς
1245 637 1474 729 λόγος,
1539 643 1770 731 ἑνωθῇ
1830 650 1935 733 τῷ
1998 651 2173 734 θεῷ,
2235 651 2525 733 πληρῶν
2584 647 2799 714 ἐκεῖνο
2856 640 2937 712 τὸ
2980 637 3118 711 ὑπὸ
3164 646 3289 710 τοῦ

797 734 1193 812 ἀποστόλου
1237 747 1614 832 εἰρημένον·
1662 739 1860 813 »τότε
1904 740 2112 824 αὐτὸς
2162 738 2663 832 ὑποταγήσεται
2715 749 2817 832 τῷ
2864 736 3286 826 ὑποτάξαντι

797 836 986 930 αὐτῷ
1041 839 1128 911 τὰ
1179 838 1438 926 πάντα,
1501 845 1612 913 ἵνα
1672 836 1713 931 ᾗ
1779 842 1865 914 τά
1917 841 2149 916 πάντα
2190 850 2303 914 καὶ
2347 847 2423 914 ἐν
2464 849 2671 915 πᾶσιν
2714 837 2751 912 6
2798 836 3015 922 θεόςι.
3102 841 3287 910 ἔσται

795 939 918 1028 γὰρ
965 947 1338 1029 τηνικαῦτα
1381 937 1585 1012 τοῦθ’
1632 934 1799 1031 ὅπερ
1841 942 2191 1032 πρότερον
2234 935 2335 1033 ἦν.

603 1061 635 1112 5
671 1045 972 1110 τοσαῦτα
1016 1036 1412 1130 Μάρκελλος
1455 1049 1608 1130 περὶ
1653 1049 1781 1113 τοῦ
1824 1040 2035 1133 λόγου
2076 1044 2294 1115 εἰπὼν
2337 1049 2463 1116 τοῦ
2504 1048 2578 1114 ἐν
2624 1049 2727 1133 τῷ
2772 1047 2947 1130 θεῷ,
3000 1033 3160 1110 καθ’
3208 1065 3291 1107 ον

671 1143 961 1227 νοοῦμεν
989 1135 1204 1209 αὐτὸν
1234 1139 1510 1228 λογικὸν
1541 1143 1728 1227 εἶναι,
1774 1150 1958 1232 δεινῇ
1988 1150 2329 1235 δυσχωρία
2358 1147 2903 1266 περιπέπτωκεν,
2948 1134 3287 1227 τολμήσας

547 1295 552 1300 .
670 1235 866 1320 ἐκτὸς
910 1245 1038 1310 τοῦ
1079 1245 1248 1310 θεοῦ
1290 1247 1634 1328 γεγονέναι
1675 1249 1851 1314 ποτὲ
1896 1241 2107 1331 φάναι
2150 1243 2279 1315 τὸν
2322 1245 2396 1313 ἐν
2440 1239 2631 1333 αυτῷ
2663 1240 2893 1329 λόγον,
2936 1247 3050 1309 καὶ
3078 1235 3287 1310 πάλιν

669 1334 869 1418 ἐντὸς
914 1334 1128 1410 αυτοῦ
1168 1339 1339 1428 μετὰ
1384 1337 1510 1412 τὸν
1553 1341 1795 1430 καιρὸν
1839 1349 1963 1433 τῆς
2014 1349 2323 1434 κρίσεως,
2388 1339 2472 1415 ἵν’
2520 1370 2745 1422 ουτως
2786 1331 2829 1428 ᾖ
2877 1341 2949 1410 ἐν
2993 1344 3099 1427 τῷ
3142 1342 3285 1426 θεῷ

672 1436 958 1520 ἑνωθεὶς
1004 1433 1214 1528 αὐτῷ,
1261 1435 1492 1530 ὥσπερ
1535 1448 1644 1512 καὶ
1689 1439 2033 1533 πρότερον
2077 1435 2179 1533 ἦν.

571 1555 638 1609 10
835 1541 878 1609 9
941 1533 1088 1626 ὥρα
1149 1545 1388 1610 τοίνυν
1439 1545 1794 1630 ἐρωτῶσιν
1845 1540 2007 1633 ἡμῖν
2060 1541 2275 1616 αὐτὸν
2327 1539 2849 1629 ἀποκρίνασθαι.
2931 1547 3001 1610 τί
3044 1529 3169 1610 οὖν
3212 1541 3289 1609 ἐν
3324 1549 3633 1642 ἔλεγχος-τῆς

673 1641 776 1724 τῷ
821 1634 1074 1724 μεταξὺ
1111 1635 1372 1728 χρόνῳ,
1435 1634 1552 1712 ὅτε
1595 1641 1794 1724 ἐκτὸς
1839 1634 1926 1730 ἧν
1970 1637 2009 1716 6
2053 1641 2258 1732 λόγος
2304 1649 2431 1716 τοῦ
2472 1648 2660 1726 θεοῦ,
2704 1637 3031 1729 προσήκει
3074 1655 3289 1720 νοετν;
3326 1624 3632 1748 τξαξζὲξῗς

671 1741 824 1816 πῶς
867 1739 939 1805 δὲ
981 1741 1370 1825 προῆλθεν,
1413 1742 1488 1810 ἐν
1531 1736 1742 1835 ὁποίᾳ
1785 1747 1857 1813 δὲ
1902 1734 1989 1830 ἦν
2032 1741 2161 1831 ἄρα
2212 1739 2619 1814 καταστάσει
2660 1736 2699 1812 6
2746 1735 2925 1824 θεός,
2976 1737 3067 1828 μὴ
3112 1743 3289 1826 έχων
3424 1759 3547 1825 §lac-

672 1835 814 1902 ἐν
791 1842 1012 1926 εαυτῷ
1067 1835 1195 1908 τὸν
1237 1843 1488 1910 οἰκεῖον
1533 1838 1770 1931 λόγον;
1815 1848 1875 1914 εἰ
1916 1842 2041 1932 γὰρ
2085 1847 2197 1915 ἐπὶ
2240 1849 2589 1935 συντελεία
2633 1847 2759 1914 τοῦ
2800 1837 3064 1922 παντὸς
3104 1840 3291 1908 ἔσται

673 1929 710 2004 6
758 1929 960 2021 λόγος
999 1939 1076 2007 ἐν
1119 1943 1220 2027 τῷ
1275 1945 1452 2030 θεῷ,
1513 1938 1744 2029 ὥσπερ
1803 1951 1917 2014 καὶ
1976 1939 2329 2031 πρότερον
2371 1933 2457 2031 ἦν
2507 1940 2643 2032 πρὸ
2699 1947 2825 2013 τοῦ
2886 1944 3127 2028 καιροῦ
3170 1942 3291 2027 τῆς

570 2050 638 2103 15
676 2041 1090 2118 συντελείας,
1152 2043 1306 2120 πῶς
1351 2042 1538 2111 ἔσται
1582 2038 1621 2114 6
1665 2038 1869 2130 λόγος
1912 2038 1951 2114 6
1996 2043 2373 2131 προελθὼν
2416 2048 2545 2114 τοῦ
2604 2049 2802 2126 θεοῦ,
2864 2047 2939 2162 εἰ(
2979 2046 3103 2129 μὲν
3162 2037 3290 2126 γὰρ

674 2128 844 2201 καθ’
889 2132 1138 2206 ἑαυτὸν
1177 2134 1494 2224 ὑφεστὼς
1537 2142 1764 2230 ἕτερος
1806 2145 2112 2232 ἐγίγνετο
2158 2148 2285 2214 τοῦ
2326 2149 2524 2227 θεοῦ,
2570 2139 2856 2232 μάταιος
2900 2135 2939 2212 6
2987 2145 3292 2228 Μαρκέλ-

675 2242 803 2302 λου
842 2229 1083 2317 πόνος·
1129 2241 1186 2306 εἰ
1229 2243 1302 2308 δὲ
1343 2247 1454 2310 καὶ
1495 2243 1875 2330 προελθὼν
1918 2247 2046 2312 τοῦ
2086 2247 2273 2326 θεοῦ,
2318 2241 2491 2312 κατὰ
2538 2241 2667 2314 τὸν
2708 2243 2783 2312 ἐν
2826 2235 2985 2329 ἡμῖν
3030 2266 3289 2328 προφο-

673 2329 870 2418 ρικὸν
912 2329 1140 2422 λόγον,
1185 2339 1418 2427 ἔμενεν
1458 2347 1588 2412 τοῦ
1626 2339 1891 2430 πατρὸς
1934 2338 2329 2431 αχώριστος,
2376 2338 2629 2413 οὐκοῦν
2672 2337 2772 2414 ἀεὶ
2814 2345 2926 2412 καὶ
2971 2337 3079 2411 διὰ
3120 2365 3289 2408 παν-

675 2431 797 2515 τὸς
841 2424 928 2522 ἦν
979 2437 1055 2505 ἐν
1097 2443 1200 2526 τῷ
1246 2443 1420 2527 θεῷ,
1473 2445 1584 2511 καὶ
1629 2434 1744 2512 ὅτε
1790 2438 2067 2531 ἐνήργει.
2114 2447 2123 2527 Ι
2168 2446 2323 2522 πῶς
2368 2434 2493 2512 οὖν
2538 2446 2629 2524 είς
2671 2438 2800 2511 τὸν
2842 2445 2965 2530 τῆς
3006 2445 3289 2527 κρίσεως
3362 2467 3563 2534 21114

572 2549 641 2605 20
675 2527 1055 2622 ἀναπέμπει
1117 2534 1382 2626 καιρόν,
1455 2538 1620 2612 τότε
1681 2547 1901 2630 λέγων
1972 2539 2186 2614 αὐτὸν
2258 2539 2729 2630 ἑνωθήσεσθαι
2792 2545 2895 2630 τῷ
2958 2545 3105 2629 θεῷ
3178 2545 3291 2608 καὶ

675 2632 946 2704 ἔσεσθαι
999 2631 1228 2724 ὥσπερ
1281 2644 1390 2709 καὶ
1433 2637 1778 2727 πρότερον
1822 2631 1940 2729 ἦν,·
1992 2646 2050 2712 εἰ
2092 2640 2219 2730 γὰρ
2264 2637 2423 2712 τότε
2468 2643 2654 2710 ἔσται
2696 2636 2929 2727 ὥσπερ
2972 2646 3085 2709 καὶ
3126 2635 3288 2727 πρό-

675 2757 879 2820 τερον
923 2723 1036 2823 ἦν,
1089 2729 1250 2809 οὔτε
1301 2732 1340 2809 6
1398 2737 1596 2830 λόγος
1651 2734 1689 2811 6
1731 2741 2106 2827 προελθών
2150 2747 2276 2814 τοῦ
2318 2747 2488 2813 θεοῦ
2530 2734 2771 2822 ὁποῖος
2814 2730 2900 2829 ἦν
2942 2735 3288 2828 πρότερον

673 2824 978 2919 υπᾶρξει,
1043 2831 1222 2909 αλλὰ
1271 2845 1382 2909 καὶ
1427 2836 1634 2923 αὐτὸς
1678 2835 1718 2910 6
1761 2839 1927 2923 θεὸς
1966 2843 2153 2912 ἔσται
2194 2841 2418 2931 ἑαυτῷ
2480 2836 2831 2929 ἀνόμοιος,
2892 2836 3107 2911 πάλαι
3164 2847 3289 2929 μὲν

677 2930 854 3016 ἔχων
895 2934 1038 3003 ἐνζ
1015 2943 1236 3026 εαυτῷ
1284 2935 1410 3009 τὸν
1454 2936 1663 3029 λόγον
1705 2944 1816 3010 καὶ
1862 2945 1971 3011 ἐπὶ
2026 2947 2378 3032 συντελείᾳ
2433 2946 2559 3013 τοῦ
2610 2938 2873 3023 παντὸς
2932 2935 3289 3029 αποληψό-

571 3048 640 3104 25
674 3055 879 3117 μενος
921 3028 1135 3107 αὐτὸν
1175 3044 1286 3107 καὶ
1329 3036 1721 3128 γιγνόμενος
1764 3038 1929 3113 τότε
1973 3038 2203 3128 ὥσπερ
2245 3046 2357 3111 καὶ
2410 3038 2754 3127 πρότερον
2798 3030 2902 3128 ἦν,
2948 3042 3025 3110 ἐν
3066 3044 3139 3110 δὲ
3184 3046 3287 3129 τῷ

673 3130 928 3217 μεταξὺ
967 3131 1195 3225 χρόνῳ
1243 3133 1589 3229 ἀνομοίως
1630 3148 1955 3231 κείμενος.
2040 3149 2153 3212 καὶ
2214 3136 2253 3211 6
2315 3136 2517 3229 λόγος
2576 3145 2651 3211 δὲ
2713 3134 3043 3221 ὦσαύτως
3094 3137 3292 3220 ἐκτὸς

676 3235 804 3299 τοῦ
845 3240 1016 3304 θεοῦ
1067 3233 1423 3326 γενόμενος
1468 3238 1592 3311 οὐκ
1644 3243 1830 3312 ἔσται
1874 3240 2011 3330 πρὸ
2066 3246 2189 3330 τῆς
2241 3248 2627 3321 συντελείας
2672 3244 2797 3310 τοῦ
2838 3236 3103 3321 παντὸς
3145 3238 3291 3321 οἶος

675 3328 763 3415 ἦν
805 3331 1162 3425 πρότερον.
1245 3346 1358 3409 καὶ
1413 3348 1516 3423 τίς
1569 3368 1655 3411 αν
1713 3339 1991 3412 τούτων
2052 3346 2557 3427 δυσσεβέστερος
2601 3333 2851 3427 γένοιτ’
2912 3366 2997 3409 αν
3060 3334 3292 3427 λόγος;
3362 3358 3397 3413 3

677 3428 860 3518 ὅλως
919 3436 1048 3524 γὰρ
1108 3434 1191 3508 τὸ
1253 3428 1338 3526 ἦν
1397 3448 1510 3511 καὶ
1569 3438 1653 3511 τὸ
1717 3446 1905 3512 ἔσται
1962 3445 2076 3512 καὶ
2137 3438 2218 3511 τὸ
2281 3444 2623 3528 γεγονέναι
2682 3444 2855 3508 ποτὲ
2914 3445 3027 3509 καὶ
3078 3434 3292 3510 παλιν

573 3552 644 3608 30
675 3543 947 3625 μέλλειν
991 3539 1285 3622 εσεσθαι,
1343 3543 1464 3629 τῆς
1515 3544 1592 3611 ἐν
1633 3536 1863 3663 χρόνῳ
1906 3546 2283 3631 μεταβολῆς
2328 3568 2502 3612 οντα
2547 3534 2916 3660 δηλωτικά,
2962 3534 3293 3625 ἀλλότρια

679 3665 766 3706 αν
825 3638 926 3726 εἴη
987 3642 1108 3726 τῆς
1141 3632 1467 3761 ἇχρόνου
1525 3648 1640 3711 καὶ
1699 3635 2001 3729 ἆνάρχου
2068 3645 2179 3711 καὶ
2250 3634 2584 3727 ἇγενήτου
2642 3645 2753 3709 καὶ
2818 3632 3297 3709 ἇναλλοιωτου

680 3732 926 3821 ουσίας,
971 3732 1080 3823 ἐφ’
1128 3728 1206 3827 ἧς
1250 3736 1331 3808 τὸ
1377 3740 1552 3809 εἶναι
1566 3737 1814 3862 μόνον
1857 3745 2213 3828 ἐπιπρέπει
2240 3744 2353 3811 65*
2398 3755 2584 3809 νοεῖν
2624 3742 2737 3806 καὶ
2782 3737 2953 3807 εἶναι
2996 3731 3295 3825 ἀπαραλ-

625 3834 952 3919 λάκτως
996 3834 1100 3909 ἀεὶ
1141 3837 1317 3910 κατὰ
1360 3837 1448 3909 τὰ
1501 3836 1674 3911 αὐτὰ
1725 3848 1839 3913 καὶ
1886 3836 2217 3920 ωσαύτως
2258 3838 2561 3926 ἔχουσαν,
2607 3836 2696 3926 μὴ
2738 3841 3161 3925 μειουμένην,
3204 3835 3295 3927 μὴ

681 3944 1244 4026 συστελλομένην,
1297 3938 1389 4029 μὴ
1433 3942 1937 4029 ἐκτεινομένην,
1998 3940 2089 4029 μὴ
2150 3941 2682 4026 ἑξαπλουμένην,
2746 3932 2907 4025 μηδ’
2968 3931 3167 4018 ἐκτός
3228 3965 3299 4007 τι

578 4049 644 4103 35
681 4043 792 4107 καὶ
835 4035 1032 4119 ἐντὸς
1075 4038 1379 4128 ἑαυτῆς”
1347 4061 1648 4129 εχουσαν,
1695 4037 1842 4130 μηδ’
1876 4039 2129 4112 ἄλλοτε
2156 4036 2376 4127 ἄλλην
2406 4040 2827 4125 γιγνομένην,
2872 4030 3023 4125 μηδ’
3062 4034 3299 4123 ἕτερον

849 4259 885 4315 2
925 4262 948 4314 Ι
983 4259 1113 4314 Kor.
1152 4260 1232 4323 15,
1268 4261 1336 4316 28
1371 4290 1436 4299 —
1477 4260 1582 4317 711
1609 4260 1722 4331 vgl.
1758 4260 1851 4317 Nr.
1891 4258 1991 4315 108
2028 4287 2091 4297 —
2136 4257 2211 4313 14
2248 4257 2357 4327 vgl.
2396 4256 2495 4311 Nr.
2536 4256 2634 4311 108
2668 4286 2735 4295 -
2772 4254 2920 4312 2011
2952 4256 3177 4325 ngNr.
3199 4258 3301 4311 108

680 4394 742 4403 -
783 4362 904 4426 251
935 4362 1044 4433 vgl.
1082 4359 1176 4417 Nr.
1211 4362 1311 4417 108

849 4565 886 4621 5
940 4562 1008 4620 ὃν
1042 4563 1148 4617 We
1185 4558 1218 4618 8
1263 4563 1312 4617 v
1375 4564 1386 4629 ι
1450 4562 1487 4619 8
1541 4548 1576 4632 ἦ
1619 4562 1696 4616 v2
1729 4558 1797 4631 ἣν
1833 4562 1917 4615 v*
1982 4564 1992 4630 ι
2057 4561 2137 4619 28
2189 4560 2379 4629 λόγων
2416 4560 2512 4625 v*‚
2564 4576 2699 4614 corr.
2742 4558 2816 4613 v2
2876 4558 2885 4625 ι
2953 4556 3032 4613 29
3085 4560 3187 4613 και
3232 4556 3298 4613 τὸ

681 4664 993 4739 γεγονέναι,
1028 4664 1172 4722 ποτὲ
1204 4666 1304 4720 καὶ
1337 4661 1523 4729 πάλιν,
1559 4661 1798 4732 μέλλειν,
1835 4658 2085 4729 ἔσεσθαι,
2122 4680 2179 4716 ιιι
2198 4680 2235 4732 g
2270 4662 2388 4731 (sic)
