3694 5582
1385 454 1487 509 Die
1520 455 1851 525 Fragmenta
1886 454 2155 509 Marcelle.
2956 463 3075 523 215

462 614 549 674 ὅτι
605 616 680 687 ἦν
731 637 896 675 ποτε
951 616 1065 679 ὅτε
1121 618 1242 676 οὐκ
1293 618 1370 691 ἦν
1421 622 1607 685 λέγειν
1659 626 1913 691 τολμῶσι
1962 625 2061 677 καὶ
2102 622 2355 691 κτίσμα
2402 620 2612 677 αὐτὸν
2652 624 2771 677 καὶ
2814 624 3077 693 ποίημα

462 698 666 769 εἶναι,
720 706 1062 777 διορίζοντες
1108 704 1280 763 αὐτόν
1327 703 1443 763 ἀπὸ
1477 716 1580 762 τοι·1
1615 708 1844 779 πατρός.
1916 708 2050 773 τοὺς
2085 701 2185 763 οὖν
2220 714 2401 763 ταῦτα
2436 707 2709 777 λέγοντας
2744 704 3079 777 ἀλλοτρίους

460 796 560 856 τῆς
593 792 907 856 καθολικῆς
941 786 1239 859 ἐκκλησίας
1273 784 1418 847 εἶναι
1455 792 1842 860 πεπίστευμαι.

629 872 876 929 πιστεύω
911 872 972 929 δὲ
1007 868 1288 942 ἑπόμενος
1321 883 1448 940 ταῖς
1481 876 1665 940 θείαις
1699 884 1951 949 γραφαῖς
1975 872 2064 932 ὅτι
2089 869 2169 941 εἷς
2192 876 2331 941 θεὸς
2352 878 2449 932 καὶ
2474 873 2505 931 ὁ
2530 874 2737 931 τούτου
2760 878 3079 945 μονογενὴς

390 960 424 1011 5
461 954 580 1022 υἱὸς
614 957 806 1028 λόγος,
843 954 876 1011 ό
913 954 1004 1014 ἀεὶ
1039 957 1415 1029 ουνυπάρχων
1449 966 1529 1029 τῷ
1565 962 1743 1029 πατρὶ
1774 962 1874 1015 καὶ
1908 956 2284 1029 μηδεπώποτε
2310 957 2487 1031 ἀρχὴν
2512 969 2614 1015 τοῖ·
2639 953 2785 1015 εἶναι
2808 956 3075 1030 ἐσχηκώς,

461 1039 691 1111 ἀληθῶς
711 1038 778 1096 ἐκ
798 1048 902 1098 τοῦ
925 1046 1068 1099 θεοῦ
1087 1038 1374 1112 ὑπάρχων,
1395 1039 1463 1098 οὐ
1479 1046 1745 1111 κτισθείς,
1766 1042 1834 1099 ού
1852 1046 2126 1113 ποιηθείς,
2148 1042 2291 1101 ἀλλὰ
2312 1040 2404 1099 ἀεὶ
2422 1038 2521 1111 ὤν,
2541 1040 2631 1100 ἀεὶ
2652 1043 3077 1116 συμβασιλεύων

465 1134 573 1199 κτῷ
609 1128 729 1199 θεῷ
763 1128 860 1181 καὶ
895 1128 1117 1198 πατρίκ,
1156 1119 1224 1181 οὗ
1265 1132 1390 1194 »τῆς
1423 1130 1740 1199 βασιλείας«
1781 1129 1929 1185 κατὰ
1964 1134 2065 1198 τὴν
2100 1138 2201 1185 τοῦ
2238 1125 2563 1183 ἀποστόλου
2594 1129 2912 1199 μαρτυρίαν
2942 1127 3077 1183 »οὐκ

459 1204 616 1266 ἔσται
660 1210 870 1277 τέλοςα.
945 1203 1112 1277 οὗτος
1154 1208 1298 1277 υἱός,
1355 1204 1520 1278 οὗτος
1562 1212 1820 1281 δύναμις,
1875 1205 2042 1278 οὗτος
2086 1214 2275 1283 σοφία.
2349 1204 2519 1277 οὗτος
2556 1208 2695 1276 ἴδιος
2727 1214 2825 1268 καὶ
2861 1210 3111 1281 ἀληθὴς·

458 1305 561 1351 τοῦ
597 1300 737 1351 θεοῦ
771 1295 968 1366 λόγος,
1007 1292 1040 1349 ὁ
1075 1294 1273 1365 κύριος
1305 1296 1468 1365 ἡμῶν
1503 1292 1707 1366 Ἰησοῦς
1741 1298 2013 1366 Χριστός,
2051 1295 2371 1370 ἀδιαίρετος
2404 1296 2637 1364 δύναμις
2670 1306 2772 1353 τοῦ
2808 1300 2974 1363 θεοῦ,
3010 1290 3080 1351 δι’

357 1384 426 1435 10
463 1372 530 1434 οἷ’
566 1378 678 1449 [τὰ]
717 1380 904 1435 πάντα
937 1380 1008 1435 τὰ
1045 1380 1328 1449 γενόμενα
1365 1379 1566 1452 γέγονε
1601 1380 1802 1447 καθὼς
1835 1380 1903 1438 τὸ
1942 1380 2292 1452 Εὖαγγέλιον
2314 1388 2599 1453 μαρτυρεῖ
2614 1380 2785 1451 λέγον
2814 1378 2905 1437 »ἐν
2932 1379 3079 1451 ἀρχῇ

459 1462 527 1533 ἣν
564 1462 596 1519 ὁ
633 1466 821 1533 λόγος,
854 1466 954 1519 καὶ
990 1460 1024 1517 ὁ
1059 1463 1231 1534 λόγος
1266 1462 1334 1534 ἦν
1369 1466 1514 1539 πρὸς
1547 1466 1649 1521 τόν
1685 1468 1842 1531 θεόν,
1880 1470 1977 1523 καὶ
2011 1468 2150 1531 θεὸς
2187 1465 2252 1537 ἦν
2290 1462 2323 1519 ὁ
2347 1465 2535 1535 λόγος.
2601 1464 2787 1521 πάντα
2812 1462 2881 1520 δι’
2904 1464 3078 1521 αὐτοῦ

459 1546 708 1619 ἐγένετο,
761 1549 860 1604 καὶ
909 1550 1084 1620 χωρὶς
1136 1546 1312 1604 αὐτοῦ
1354 1546 1580 1621 ἐγένετο
1627 1549 1756 1607 οῦδὲ
1799 1546 1911 1608 gv«.
1994 1545 2162 1617 οὗτός
2204 1549 2355 1607 ἐστιν
2400 1547 2434 1604 ὁ
2476 1549 2651 1620 λόγος
2693 1551 2827 1621 περὶ
2872 1542 2939 1605 οἶ·
2980 1552 3079 1605 καὶ

461 1638 684 1699 Λουκᾶς
729 1630 760 1687 ὁ
807 1630 1203 1703 εὐαγγελιστὴς
1252 1643 1538 1708 μαρτυρεῖ
1579 1634 1762 1708 λέγων
1823 1633 2055 1702 »καθὼς
2097 1634 2435 1709 παρέδωκαν
2482 1636 2613 1704 ἡμῖν
2658 1630 2713 1689 οὶ
2758 1628 2855 1689 ἀπ’
2900 1632 3081 1705 ἀρχῆς

460 1716 739 1774 αι’-τόπται
790 1719 889 1775 καὶ
933 1714 1208 1789 ὑπηρέται
1259 1719 1563 1789 γενόμενοι
1604 1730 1706 1777 τοῦ
1749 1720 1975 1790 λόγουκ.
2046 1723 2179 1793 περὶ
2220 1718 2424 1776 τούτου
2467 1722 2563 1774 καὶ
2602 1718 2779 1774 Aut-26
2818 1714 2925 1789 ἔφη
2966 1716 3076 1785 »ἐξ-

357 1804 424 1855 15
463 1801 736 1871 ηρεύξατο
775 1804 806 1871 ἡ
843 1802 1048 1875 καρδία
1082 1821 1198 1870 μου
1229 1804 1406 1874 λόγον
1443 1801 1720 1876 άγαθόνα.
1782 1800 1932 1861 οὕτω
1966 1809 2065 1861 καὶ
2100 1804 2133 1859 ό
2166 1802 2363 1875 κύριος
2400 1804 2559 1873 ἡμῶν
2594 1797 2805 1871 Ἰησοῦς
2830 1801 3081 1877 Χριστὸς

462 1890 609 1957 ἡμᾶς
655 1884 900 1943 διδάσκει
944 1885 1034 1943 διὰ
1070 1896 1174 1943 τοῦ
1209 1884 1562 1959 Εὐαγγελίου
1594 1888 1778 1959 λέγων
1819 1886 1967 1958 »ἐγὼ
2000 1886 2066 1945 ἐκ
2107 1898 2209 1945 τοῦ
2245 1888 2465 1959 πατρὸς
2500 1886 2743 1956 ἐξῆλθον
2776 1888 2875 1943 καὶ
2910 1885 3079 1957 ἥκωσ.

461 1964 627 2036 οὗτος
679 1964 794 2027 ιέπ’
840 1967 1094 2041 ἐσχάτων
1138 1978 1254 2027 τῶν
1300 1974 1554 2045 ὴμερῶνα
1602 1970 1906 2029 κατελθὼν
1949 1973 2038 2029 διὰ
2084 1978 2185 2043 τὴν
2231 1973 2513 2045 ἡμετέραν
2558 1972 2841 2043 σωτηρίαν
2883 1972 2983 2026 καὶ
3016 1968 3081 2027 ἐκ

459 2062 558 2124 τῆς
592 2056 888 2128 παρθένου
923 2056 1154 2129 Μαρίας
1187 2060 1482 2127 γεννηθεὶς
1513 2057 1617 2113 τὸν
1650 2054 1965 2131 ἄνθρωπον
2001 2052 2183 2129 ἔλαβε.

632 2140 874 2197 πιστεύω
911 2132 1014 2196 οὖν
1049 2138 1130 2205 εἰς
1163 2139 1307 2195 θεὸν
1341 2141 1808 2215 παντοκράτορα·
1843 2146 1945 2199 καὶ
1978 2141 2061 2208 εἰς
2084 2142 2333 2215 Χριστὸν
2358 2136 2573 2211 Ἰησοῦν
2608 2140 2709 2196 τὸν
2746 2138 2869 2195 υἱὸν
2902 2138 3080 2196 αὐτοῦ

357 2220 428 2275 20
459 2226 560 2281 τὸν
595 2230 900 2295 μονογενῆ,
936 2225 1040 2281 τόν
1073 2222 1275 2297 κύριον
1313 2226 1487 2294 ἡμῶν,
1523 2226 1626 2281 τὸν
1661 2226 2013 2297 γεννηθέντα
2048 2224 2113 2283 ἐκ
2150 2226 2475 2296 πνεύματος
2510 2223 2677 2296 ἁγίου
2711 2226 2809 2281 καὶ
2848 2226 3080 2297 Μαρίας

459 2316 556 2377 τῆς
601 2308 918 2381 παρθένου,
972 2308 1074 2364 τὸν
1117 2306 1212 2365 ἐπὶ
1247 2310 1496 2367 Ποντίου
1533 2310 1781 2368 Πιλάτου
1825 2312 2231 2384 σταυρωθέντα
2265 2314 2363 2367 καὶ
2398 2310 2648 2379 ταφέντα
2685 2311 2783 2365 καὶ
2816 2315 2886 2378 τῇ
2919 2311 3079 2379 τρίτῃ

461 2392 642 2468 ἡμέρα
680 2392 1008 2449 ἀναστάντα
1047 2390 1110 2449 ἐκ
1143 2400 1260 2449 τῶν
1297 2402 1537 2467 νεκρῶν,
1585 2394 1877 2469 ἀναβάντα
1916 2394 1995 2462 εἰς
2028 2396 2162 2462 τοὺς
2198 2394 2479 2468 ούρανοὺς
2510 2398 2609 2450 καὶ
2642 2397 2977 2463 καθήμενον
3016 2390 3077 2449 έν

459 2480 614 2552 δεξιᾷ
664 2486 766 2533 τοῦ
811 2479 1050 2551 πατρός,
1107 2474 1247 2533 ὅθεν
1292 2472 1516 2549 ἔρχεται
1557 2480 1770 2553 κρίνειν
1814 2484 2031 2549 ζῶντας
2072 2482 2171 2537 καὶ
2216 2478 2473 2553 νεκρούς·
2532 2480 2632 2535 καὶ
2674 2477 2755 2545 εἰς
2798 2478 2865 2534 τὸ
2910 2472 3077 2548 ἅγιον

458 2571 698 2629 πνεῦμα,
735 2557 905 2632 ἁγίαν
940 2559 1258 2631 ἐκκλησίαν,
1293 2556 1498 2633 ἄφεσιν
1533 2560 1844 2636 ἁμαρτιῶν,
1884 2566 2095 2637 σαρκὸς
2130 2563 2455 2630 ἀνάστασιν,
2494 2566 2641 2632 ζωὴν
2678 2560 2929 2619 αἰώνιον.

357 2644 426 2698 25
630 2643 956 2715 ἀδιαίρετον
1002 2640 1149 2703 εἶναι
1184 2649 1287 2715 τὴν
1320 2648 1568 2717 θεότητα
1605 2658 1706 2704 τοῦ
1741 2650 1959 2722 πατρὸς
1992 2654 2090 2705 καὶ
2124 2660 2229 2706 τοῦ
2264 2646 2388 2704 rior*
2426 2646 2584 2720 παρὰ
2618 2653 2735 2703 τῶν
2770 2648 2946 2703 θείων
2981 2667 3075 2716 με·

457 2733 805 2801 μαθήκαμεν
839 2736 1096 2805 γραφῶν.
1158 2729 1214 2787 εἰ
1245 2728 1356 2804 γάρ
1391 2751 1476 2798 τις
1508 2734 1738 2803 χωρίζει
1770 2734 1873 2789 τὸν
1909 2730 2048 2800 υἱόν,
2086 2733 2339 2791 τουτέστι
2372 2732 2475 2788 τὸν
2510 2734 2700 2804 λόγον,
2736 2740 2837 2787 τοῦ
2872 2750 3077 2787 παντο·

457 2815 748 2888 κράτορος
789 2820 955 2883 θεοῦ,
1010 2813 1230 2886 ἀνάγκη
1281 2815 1454 2872 αὐτὸν
1497 2817 1532 2887 ἢ
1577 2817 1675 2882 δύο
1719 2819 1895 2886 θεοὺς
1939 2813 2085 2876 εἶναι
2128 2821 2380 2889 νομίζειν
2425 2815 2590 2890 (ὅπερ
2636 2815 2939 2888 ἀλλότριον
2983 2821 3080 2884 τῆς

457 2902 624 2964 θείας
666 2900 1025 2965 διδασκαλίας
1069 2895 1216 2956 εἶναι
1258 2902 1606 2969 νενόμισται)
1654 2901 1684 2971 ἢ
1730 2903 1832 2959 τὸν
1878 2905 2054 2975 λόγον
2098 2908 2175 2973 μὴ
2213 2899 2359 2960 εἶναι
2394 2903 2537 2958 θεὸν
2574 2901 2881 2972 ὁμολογεῖν
2916 2897 3079 2974 (ὅπερ

457 2987 554 3038 καὶ.
590 2983 728 3039 αι’·τὸ
767 2982 1067 3056 ἀλλότριον
1102 2991 1200 3053 τῆς
1237 2985 1416 3058 ὀρθῆς
1449 2985 1691 3052 πίστεως
1724 2981 1877 3044 εἶναι
1913 2990 2199 3056 φαίνεται,
2238 2998 2337 3044 τοῖ-
2374 2987 2773 3058 εύαγγελιστοῖ·
2806 2983 3080 3055 λέγοντος

355 3065 426 3118 30
463 3069 588 3123 »καὶ
625 3069 763 3133 θεὸς
797 3065 865 3138 ἣν
903 3065 934 3122 ό
969 3069 1214 3139 λόγοςκ).
1284 3067 1400 3139 ἐγὼ
1436 3068 1498 3125 δὲ
1533 3069 1782 3144 ἀκριβῶς
1813 3071 2127 3142 μεμάθηκα
2164 3069 2253 3128 ὅτι
2288 3070 2607 3142 ἀδιαίρετος
2639 3073 2734 3126 καὶ
2762 3066 3081 3140 ἀχὼριστός

456 3151 632 3218 ἐστιν,
667 3143 703 3222 ἦ
738 3151 994 3221 δύναμις,
1031 3162 1132 3209 τοῦ
1167 3155 1386 3227 πατρὸς
1421 3153 1452 3208 ὁ
1489 3151 1624 3219 υἱός.
1697 3155 1869 3222 αὐτὸς
1902 3158 2014 3229 γὰρ
2050 3155 2083 3211 0‘
2121 3159 2335 3228 σωτήρ,
2372 3154 2405 3209 ό
2440 3153 2633 3225 κύριος
2669 3156 2829 3223 ἡμῶν
2864 3147 3079 3222 Ἰησοῦς

457 3239 716 3306 Χριστός,
771 3239 940 3308 φησὶν
981 3235 1072 3294 »ἐν
1107 3237 1238 3306 ἐμοὶ
1275 3235 1308 3292 ό
1346 3241 1556 3310 πατήρ,
1608 3237 1772 3309 κάγὼ
1810 3237 1873 3295 ἐν
1905 3247 1985 3313 τῷ
2022 3242 2225 3310 πατρία
2264 3242 2363 3295 καὶ
2404 3235 2549 3308 »ἐγὼ
2584 3240 2683 3292 καὶ
2721 3236 2754 3292 ὁ
2790 3239 2976 3308 πατὴρ
3012 3233 3077 3292 ἓν

457 3319 656 3390 ἐσμενκ
705 3324 804 3378 καὶ
845 3320 906 3376 »ὁ
952 3319 1053 3389 ἐμὲ
1098 3317 1370 3394 ἑωρακὼς
1414 3318 1635 3394 ἑώρακε
1679 3325 1782 3380 τὸν
1827 3324 2095 3396 πατέραα.
2168 3322 2375 3392 ταύτην
2418 3325 2515 3378 καὶ
2560 3321 2717 3394 παρὰ
2754 3327 2867 3376 τῶν
2900 3322 3078 3377 θείων

457 3415 700 3478 γραφῶν
745 3403 992 3476 εἰληφὼς
1033 3408 1133 3473 τὴν
1179 3406 1364 3461 πίστιν
1406 3409 1504 3461 καὶ
1549 3408 1707 3480 παρὰ
1749 3416 1866 3464 τῶν
1901 3409 2049 3466 κατὰ
2082 3409 2225 3465 θεὸν
2258 3409 2563 3480 προγόνων
2598 3408 2882 3476 διδαχθεὶς
2916 3400 2978 3460 ἓν
3013 3424 3077 3462 τε

355 3489 424 3542 35
457 3499 528 3561 τῇ
561 3500 662 3548 τοῦ
698 3495 840 3548 θεοῦ
876 3487 1140 3563 ἐκκλησίᾳ
1176 3489 1434 3562 κηρύττω
1469 3494 1569 3547 καὶ
1604 3493 1749 3564 πρὸς
1783 3493 1854 3550 σὲ
1896 3503 1996 3548 νῦν
2040 3493 2329 3565 γέγραφα,
2382 3493 2451 3548 τὸ
2487 3490 2840 3561 ἀντίγραφον
2874 3487 3078 3545 τούτου

455 3571 596 3646 παρ’
641 3571 866 3648 ἐμαυτῷ
909 3570 1232 3643 κατασχών.
1301 3577 1398 3630 καί
1437 3574 1576 3642 ἀξιῶ
1615 3576 1682 3632 τό
1719 3575 2024 3634 άντίτυπόν
2060 3594 2123 3632 σε
2158 3575 2365 3632 τούτου
2396 3582 2468 3646 τῇ
2502 3574 2648 3647 πρὸς
2682 3573 2816 3639 τοὺς
2850 3570 3077 3630 ἐπισκό-

457 3678 598 3724 πους
633 3658 901 3729 ἐπιστολῇ
933 3656 1250 3730 ἐγγράψαι,
1298 3654 1396 3714 ἵνα
1431 3662 1510 3730 μή
1545 3681 1694 3728 τινες
1726 3669 1841 3717 τῶν
1888 3660 2135 3733 ἀκριβῶς
2176 3663 2253 3730 μὴ
2309 3659 2540 3716 εἰδότων
2602 3661 2749 3728 ἡμᾶς
2792 3655 3078 3724 κάκείνοις

456 3751 580 3809 τοῖς
615 3737 706 3798 ὑπ’
744 3743 930 3800 αὐτῶν
966 3751 1232 3814 γραφεῖσι
1267 3742 1648 3814 προσέχοντες
1685 3744 2075 3814 ἀπατηθῶσιν.

613 3823 922 3900 Ἔρρωσθε.

635 4021 662 4073 7
703 4021 730 4073 Ι
769 4019 895 4076 Kor.
935 4023 1014 4080 15.
1053 4020 1119 4074 24
1173 4051 1238 4058 —
1293 4021 1428 4074 Luk.
1467 4023 1514 4086 1,
1550 4022 1617 4076 33
1661 4051 1728 4060 —
1785 4022 1863 4076 10
1907 4021 2027 4077 Joh.
2071 4023 2117 4087 1,
2154 4025 2200 4075 1.
2239 4023 2272 4076 3
2316 4051 2380 4060 —
2440 4020 2515 4074 1³3
2553 4019 2687 4072 Luk.
2728 4020 2772 4078 1.
2809 4020 2841 4072 2
2884 4049 2951 4056 —
3000 4019 3077 4074 14

457 4087 544 4142 Ps.
580 4091 664 4150 44,
701 4089 734 4140 2
769 4117 835 4127 —
874 4088 950 4142 16
987 4087 1110 4142 Joh.
1145 4090 1194 4154 8,
1229 4089 1298 4142 42
1335 4119 1399 4128 —
1439 4089 1510 4144 17
1553 4089 1720 4143 Hebr.
1758 4093 1806 4156 1,
1831 4091 1864 4142 2
1899 4119 1967 4128 —
2005 4090 2234 4145 19—24
2271 4087 2383 4158 vgl.
2410 4087 2587 4150 Halm,
2626 4085 2945 4140 Bibliothek
2982 4085 3079 4139 der

459 4155 744 4224 Symbola-⁹·
780 4157 912 4210 1897
949 4155 998 4208 S.
1025 4155 1138 4210 22f
1165 4185 1234 4195 -—-
1273 4155 1354 4210 80
1389 4154 1512 4210 Joh.
1540 4161 1584 4220 1,
1624 4160 1652 4210 1
1689 4188 1756 4195 -
1794 4157 1873 4211 32
1912 4156 2034 4211 Joh.
2062 4157 2141 4222 10,
2167 4157 2234 4212 38
2269 4186 2335 4194 -
2371 4154 2492 4210 Joh.
2523 4159 2600 4222 10,
2634 4155 2702 4208 30
2737 4183 2803 4191 —
2836 4154 2915 4208 2323
2951 4153 3076 4206 Joh.

460 4226 540 4289 14,
579 4223 612 4277 9
655 4252 720 4261 -
767 4223 920 4278 ΒΒΠ
949 4223 1060 4292 vgl.
1086 4223 1264 4277 Julius
1300 4239 1383 4292 ep.
1421 4223 1493 4277 ad
1526 4223 1762 4278 Danium
1800 4225 1903 4278 etc.
1942 4224 2163 4293 (Athan.
2200 4223 2343 4294 apol.
2380 4225 2489 4288 32);
2527 4225 2625 4278 καὶ
2662 4219 2731 4276 οὗ
2765 4228 2865 4275 νῦν
2900 4227 3075 4276 ταῦτα

457 4288 898 4362 πεφροντικέναι
933 4287 1390 4362 διεβεβαιώσατο,
1430 4289 1572 4346 ἀλλὰ
1608 4293 1708 4346 καὶ
1743 4285 1986 4347 ἔκπαλαι

628 4427 666 4480 9
709 4426 884 4493 ἡμῶν,
929 4418 1152 4503 Ἰησοῦς,
1199 4417 1444 4498 Χριστός
1479 4426 1620 4480 alius
1683 4429 1692 4491 Ι
1759 4428 1836 4482 10
1871 4424 1943 4482 τὰ
1980 4429 2071 4480 etr.
2098 4427 2184 4480 Kl.
2252 4429 2261 4494 Ι
2323 4423 2504 4496 λέγων
2540 4425 2695 4480 codd.
2759 4422 2771 4493 Ι
2838 4424 2912 4480 18
2951 4421 3075 4478 ἀνέ-

456 4496 597 4562 λαβε
631 4491 662 4543 ‘?
699 4493 810 4560 vgl.
853 4493 1104 4562 Reglster
1192 4493 1200 4561 l
1298 4494 1373 4548 21
1415 4493 1844 4564 σταυρωθέντα,
1899 4496 1995 4548 καὶ
2030 4493 2307 4562 ταφέντα,
2343 4495 2441 4546 καὶ
2478 4493 2617 4547 alius
2707 4495 2717 4560 Ι
2800 4492 2874 4546 31
2924 4489 3073 4547 ἐστιν

457 4561 489 4628 ἡ
527 4558 759 4626 δύναμις
791 4570 894 4615 τοῦ
930 4561 1085 4616 codd.
1153 4563 1160 4628 Ι
1229 4561 1301 4615 37
1341 4556 1641 4626 κάκείνους
1674 4561 1793 4617 cod.
1834 4563 1953 4615 Jen.
