3694 5582
702 551 725 608 1
739 550 819 615 50
1884 540 2149 597 Eusebius

700 718 815 781 καὶ
858 709 1019 791 τοὺς
1061 715 1185 798 μὲν
1227 702 1666 788 ἀποστόλους
1709 705 1832 788 τὰς
1875 703 2099 795 πηγὰς
2142 705 2313 776 εἶναι
2355 701 2701 790 βούλεται,
2746 697 2872 772 ούκ
2926 695 3316 790 ἀρέσκουσιν

699 815 772 880 δὲ
817 805 1004 898 αύτῷ
1052 810 1118 879 οἱ
1167 811 1549 897 προφῆται·
1621 811 1829 892 διατί,
1894 801 2043 879 ἀλλ’
2089 800 2199 893 <ἢ>
2260 798 2373 876 ὅτι
2428 801 2517 892 μὴ
2580 801 2865 874 ἐδύνατο
2928 799 3057 890 τὴν
3108 798 3316 890 σάρκα
3348 815 3409 869 25

701 913 829 980 τοῦ
872 911 1184 996 σωτῆρος
1225 906 1362 996 πρὸ
1406 911 1692 978 ἐκείνων
1737 903 2033 988 διδόναι,·
2089 912 2317 976 καίτοι
2368 909 2479 975 καὶ
2522 899 2658 987 πρὸ
2702 908 2853 972 τῶν
2892 899 3070 972 κατὰ
3116 899 3317 988 φύσιν

705 1012 1064 1098 αἰσθητῶν
1123 1013 1396 1097 πηγῶν,
1462 997 1562 1077 ῶν
1622 1011 1736 1076 καὶ
1780 1012 2035 1088 Μωσῆς
2088 1001 2578 1094 ἐμνημόνευσεν
2638 1005 2715 1072 ἐν
2770 1007 2858 1088 τῇ
2918 1008 3319 1092 κοσμοποιίᾳ

629 1115 664 1169 5
702 1108 918 1179 εἰπών
939 1105 1196 1226 ”»πηγὴ
1241 1111 1312 1176 δὲ
1356 1102 1708 1190 ἀνέβαινεν
1759 1107 1832 1174 ἐκ
1876 1110 1999 1194 τῆς
2044 1109 2189 1193 γῆς,
2234 1110 2347 1174 καὶ
2390 1098 2700 1188 ἐπότιζεν
2742 1105 2885 1172 πᾶν
2928 1099 3011 1172 τὸ
3056 1096 3321 1190 πρόσω·

699 1233 838 1279 πον
886 1212 1012 1294 τῆς
1057 1212 1211 1295 γῆς(
1269 1212 1381 1276 καὶ
1433 1197 1635 1288 αὖθις
1683 1201 2027 1294 »ποταμὸς
2080 1210 2150 1275 δὲ
2196 1199 2633 1291 ἐκπορεύεται
2676 1205 2747 1286 ἐξ
2785 1196 2971 1290 Ἐδὲμ
3015 1208 3321 1288 ποτίζειν

699 1303 828 1377 τὸν
871 1302 1354 1392 παράδεισονι,
1416 1309 1856 1396 προυπῆρχεν
1916 1333 1953 1374 ο
2016 1310 2144 1375 τοῦ
2202 1310 2373 1374 θεοῦ
2422 1301 2567 1383 υίὸς
2622 1295 2660 1370 δ
2704 1305 2925 1370 ταῦτα
2966 1305 3041 1372 ἐν
3080 1307 3323 1388 Παροι·

700 1413 899 1525 μίαις.
939 1411 1094 1492 περὶ
1153 1403 1400 1474 εαυτοῦ
1459 1409 1578 1477 8οῑ
1645 1401 2001 1476 διδάσκων.
2103 1433 2141 1475 ο
2205 1409 2276 1475 δὲ
2336 1408 2439 1491 τῷ
2499 1396 2645 1487 Ἰῶβ
2712 1407 3147 1488 χρηματίζων
3218 1407 3323 1470 καὶ

699 1511 945 1594 πηγῶν
987 1502 1339 1594 θαλάσσης
1381 1502 1786 1595 μνημονεύει
1837 1509 2061 1591 λέγων
2121 1494 2365 1592 »ἦλθες
2408 1505 2479 1571 δὲ
2524 1504 2633 1572 ἐπὶ
2675 1498 2905 1590 πηγὴν
2957 1497 3322 1587 θαλάσσης,

596 1617 665 1672 10
701 1608 776 1675 ἐν
837 1608 908 1674 δὲ
939 1609 1218 1723 “igneow
1284 1601 1575 1690 ἀβύσσου
1642 1600 2211 1691 περιεπάτησας«;
2280 1605 2426 1672 ἐπεὶ
2496 1605 2569 1670 δὲ
2626 1606 2738 1670 καὶ
2800 1595 3117 1686 υπεράνω
3181 1607 3325 1672 τῶν
3357 1619 3417 1673 26

703 1699 1020 1789 ούρανῶν
1077 1695 1294 1775 ῧδατά
1356 1732 1512 1774 τινα
1575 1702 1746 1774 εἶναι
1811 1699 1853 1792 ἦ
1896 1702 2139 1823 ,γραφὴ
2210 1697 2504 1773 διδάσκει
2574 1695 2615 1788 ἦ
2680 1704 2967 1787 λέγουσα
3045 1704 3324 1772 »αἱνεῑτε

701 1798 920 1875 αὐτὸν
981 1804 1046 1872 οἱ
1108 1797 1385 1922 οὐρανοὶ
1447 1809 1596 1872 τῶν
1655 1798 2000 1891 οὐρανῶν,
2062 1809 2175 1873 καὶ
2238 1799 2323 1871 τὰ
2384 1793 2601 1871 υδατα
2662 1797 2749 1868 τὰ
2808 1794 3127 1910 ύπεράνω
3184 1807 3328 1871 τῶν

700 1898 1078 1988 ούρανῶω,
1101 1896 1496 1974 ἀκόλουθόν
1515 1905 1700 1974 ἐστιν
1719 1899 2057 1974 κάκείνων
2074 1907 2222 1972 τῶν
2250 1895 2528 1971 ύδάτων
2548 1895 2863 1986 (ὁποῑα[δ
2882 1884 2995 1986 ''⁸]
2955 1929 3041 1971 αν
3067 1895 3329 1988 ὑπάρχῃ

701 1998 832 2091 τὴν
876 1998 1101 2088 φύσιν)
1147 2006 1387 2090 νοῆσαί
1429 2029 1622 2084 τινας
1677 2003 1851 2072 εἶναι
1911 1997 2157 2091 πηγάς,
2222 2029 2411 2082 οπως
2481 1995 2821 2072 κάκείνων
2880 1997 3331 2089 πρεσβύτερος

599 2113 664 2166 15
703 2095 1080 2188 ἀποδειχθῇ
1134 2129 1172 2170 ο
1233 2101 1518 2190 εἰρηκώς
1579 2098 1829 2171 ἑαυτὸν
1882 2097 2345 2188 προϋπάρχειν
2403 2099 2575 2189 »πρὸ
2620 2105 2749 2171 τοῦ
2790 2110 3165 2186 προελθεῖν
3210 2097 3329 2180 τὰς

701 2198 923 2288 πηγὰς
965 2205 1115 2269 τῶν
1157 2194 1491 2271 ύδάτωνι.
1579 2193 1618 2271 ό
1673 2204 1746 2280 δὲ
1786 2206 2020 2290 μηδενὶ
2065 2198 2339 2271 τούτων
2384 2196 2751 2288 ἐπιστήσας
2795 2196 2922 2270 τὸν
2968 2204 3132 2270 νοῦν
3162 2201 3326 2288 μηδὲ
3358 2215 3418 2270 27

698 2317 940 2371 πονεῖν
984 2303 1270 2382 ἐθέλων,
1315 2317 1460 2382 τοῖς
1503 2295 1735 2382 αὐτοῖς
1779 2303 2094 2388 ἐπιμένει,
2139 2302 2284 2370 ἐπεὶ
2326 2305 2435 2370 καὶ
2483 2304 2699 2368 ταῦτα
2743 2294 3028 2384 φάσκων

825 2402 964 2484 (Nr.
1007 2403 1114 2486 22)
1180 2395 1352 2487 »πρὸ
1405 2403 1533 2471 τοῦ
1576 2392 1702 2486 ὄρη
1747 2399 2193 2487 ἑδρασθῆναι(
2256 2404 2461 2487 φησὶν
2510 2395 2679 2485 »πρὸ
2724 2403 2793 2468 δὲ
2838 2393 3134 2470 πάντων
3178 2407 3327 2483 βου-

826 2504 974 2568 νῶν
1017 2502 1222 2588 γεννᾷ
1263 2525 1402 2586 μει.
1489 2491 1616 2588 ὄρη
1659 2505 1772 2568 καὶ
1815 2498 2109 2581 βουνοὺς
2152 2497 2313 2580 τούς
2342 2494 2773 2579 ἀποστόλους
2814 2505 2927 2567 καὶ
2974 2497 3137 2580 τοὺς
3183 2503 3330 2567 τῶν

595 2605 667 2662 20
825 2591 1238 2668 ἀποστόλων
1291 2596 1640 2686 διαδόχους
1701 2603 1907 2686 λέγει,
1969 2597 2082 2668 ἵνα
2141 2596 2325 2686 παρὰ
2387 2596 2547 2678 τοὺς
2610 2595 2859 2678 ἄλλους
2904 2592 3325 2685 ἀνθρώπους

823 2693 952 2783 τὴν
997 2690 1148 2766 κατ’
1193 2693 1428 2767 αὐτῶν
1475 2702 1741 2769 δικαίαν
1781 2704 2137 2768 πολιτείαν
2181 2702 2662 2784 παροιμιωδῶς
2706 2693 2989 2786 σημήνῃ.

703 2789 958 2866 ούκοῦν
1001 2798 1065 2866 οἱ
1119 2790 1316 2867 αύτοὶ
1360 2787 1531 2884 ἦσαν
1572 2802 1685 2867 καὶ
1729 2799 1797 2867 αἱ
1838 2805 2077 2885 πηγαί,
2124 2801 2255 2885 (oi)
2300 2793 2497 2868 αὐτοὶ
2539 2803 2651 2867 καὶ
2697 2794 2782 2867 τὰ
2828 2788 2971 2886 ὄρη,
3018 2798 3083 2867 οἱ
3128 2791 3325 2866 αὐτοὶ
3360 2808 3423 2863 28

698 2902 811 2965 καὶ
857 2896 920 2966 οἱ
972 2902 1222 2981 βουνοί.
1309 2890 1457 2968 ἀλλ’
1507 2892 1736 2983 ῶσπερ
1798 2893 1923 2967 ούκ
1986 2900 2112 2984 ἔχει
2174 2895 2379 2982 φύσιν
2438 2900 2547 2966 ἐπὶ
2608 2903 2756 2966 τῶν
2817 2901 3327 2985 θεωρουμένων

699 3001 946 3084 πηγῶν
989 3022 1065 3066 τε
1107 3004 1218 3065 καὶ
1261 2990 1450 3082 ὀρῶν
1501 2994 1588 3066 τὰ
1634 2992 1808 3067 αὐτὰ
1853 2993 2138 3083 φάσκειν
2180 2998 2351 3067 εἶναι
2404 2991 2627 3082 (οὐδὲν
2671 2994 2798 3083 γὰρ
2840 2992 3081 3066 κοινὸν
3122 2992 3223 3078 ῶς
3252 2998 3327 3065 ἐν

595 3108 664 3162 25
699 3088 1076 3181 ποιότητος
1130 3092 1314 3183 λόγῳ
1357 3114 1603 3183 πηγαῖς
1653 3091 1934 3167 ὑδάτων
1994 3095 2168 3184 πρὸς
2227 3094 2315 3168 τὰ
2376 3102 2524 3167 τῶν
2586 3090 2777 3184 ὀρῶν
2836 3090 3325 3184 ἀναστήματα),

701 3191 828 3265 τὸν
873 3190 1090 3265 αὐτὸν
1132 3190 1400 3280 τρόπον
1441 3202 1554 3265 καὶ
1597 3200 1708 3266 ἐπὶ
1749 3202 1899 3267 τῶν
1941 3190 2409 3285 ἀλληγορικῶς
2450 3194 2627 3267 κατὰ
2671 3191 2979 3267 διάνοιαν
3019 3205 3325 3283 θεωρου-

697 3298 930 3381 μένων
971 3300 1396 3384 παραστῆσαι
1435 3294 1562 3383 χρὴ
1608 3294 1949 3383 διαφορὰν
1992 3302 2141 3365 τῶν
2182 3292 2359 3365 κατὰ
2402 3292 2533 3384 τὴν
2576 3299 2880 3383 θεωρίαν
2922 3301 3327 3383 νοουμένων

700 3398 947 3479 πηγῶν
990 3420 1068 3461 τε
1109 3398 1218 3463 καὶ
1265 3387 1452 3482 ὀρῶν
1495 3402 1607 3464 καὶ
1650 3400 1940 3478 βουνῶν.
2027 3388 2175 3466 ἀλλ’
2238 3388 2276 3464 ό
2329 3398 2538 3484 μηδὲν
2580 3399 3143 3483 βεβασανισμένον
3190 3398 3327 3465 ἐπι-

703 3488 1055 3579 στάμενος,
1101 3490 1188 3563 τὰ
1233 3490 1463 3564 πάντα
1507 3491 1752 3581 φύρων
1795 3489 1879 3563 δι’
1926 3490 2287 3581 εὐχέρειαν,
2343 3493 2505 3575 τούς
2558 3489 2805 3576 αύτοὺς
2848 3492 3023 3565 εἶναι
3065 3487 3325 3565 ἀποπέ-

599 3606 668 3661 30
703 3618 959 3677 φανται
1002 3598 1112 3661 καὶ
1163 3592 1382 3680 πηγὰς
1441 3588 1718 3665 ύδάτων
1777 3602 1890 3664 καὶ
1952 3586 2075 3683 ὅρη
2136 3600 2249 3665 καὶ
2308 3591 2624 3678 βουνούς,
2689 3601 2893 3683 φησίν
2954 3620 3030 3664 τε
3092 3588 3327 3663 πάντα

703 3695 922 3761 ταῦτα
967 3692 1136 3761 εἶναι
1182 3691 1342 3793 τούς
1385 3687 1843 3775 ἀποστόλους,
1912 3688 1995 3763 ού
2056 3690 2599 3782 διαστειλάμενος
2652 3692 2779 3765 τὸν
2824 3698 2947 3781 τῆς
2989 3696 3327 3781 διαφορᾶς

701 3786 985 3876 τρόπον.
1073 3797 1142 3859 τί
1203 3794 1326 3861 οὖν
1387 3788 1532 3881 ούχὶ
1591 3800 1704 3864 καὶ
1763 3790 1900 3881 πρὸ
1963 3797 2085 3879 τῆς
2144 3792 2391 3881 σαρκὸς
2450 3798 2578 3864 τοῦ
2638 3798 2947 3881 σωτῆρος
3000 3786 3200 3879 ἡμῶν
3252 3794 3327 3861 ἐν
3360 3804 3425 3861 29

703 3888 1088 3975 δικαιοσύνῃ
1129 3896 1240 3958 καὶ
1283 3899 1627 3981 θεοσεβείᾳ
1670 3898 2169 3973 τελειωθέντας
2223 3884 2345 3980 ὄρη
2398 3898 2508 3961 καὶ
2550 3890 2839 3977 βουνοὺς
2880 3885 3132 3979 δμοίως
3178 3894 3324 3961 ἐπε-

700 3985 909 4072 κάλει,
957 3983 1084 4059 ἀλλ
1129 3982 1238 4075 <ἢ>
1286 3981 1393 4059 ὅτι
1434 3988 1525 4078 μὴ
1568 3990 1702 4080 πρὸ
1748 3995 2029 4063 ἐκείνων
2072 3986 2217 4073 οἶός
2260 4020 2333 4062 τε
2379 3982 2463 4080 ἦν
2508 3990 2638 4081 τὴν
2680 3988 2894 4078 σάρκα
2934 3996 3061 4062 τοῦ
3104 3995 3327 4079 σωτῆ·

871 4206 907 4262 5
945 4206 1085 4263 Gen.
1121 4208 1168 4272 2,
1205 4210 1238 4264 6
1293 4238 1352 4250 -
1408 4209 1446 4264 6
1505 4210 1639 4265 Gen.
1676 4212 1724 4276 2,
1763 4213 1829 4266 10
1881 4240 1947 4249 -
1998 4214 2037 4268 9
2091 4211 2237 4265 Hiob
2274 4212 2355 4275 38,
2394 4212 2458 4267 16
2510 4242 2577 4250 —
2631 4212 2707 4268 11
2762 4210 2846 4265 Ps.
2885 4210 3001 4278 148,
3038 4212 3075 4265 4
3124 4239 3194 4249 —
3252 4208 3327 4265 15

699 4309 860 4366 Prov,
894 4312 944 4375 8,
981 4310 1048 4363 24
1083 4340 1149 4348 -
1188 4310 1263 4366 18
1301 4310 1458 4365 Prov.
1495 4312 1544 4379 8,
1580 4314 1646 4367 25

875 4512 910 4565 2
947 4508 983 4578 ἢ
1019 4510 1124 4563 We
1187 4512 1197 4578 Ι
1264 4511 1341 4567 18
1376 4505 1425 4565 δ’
1459 4506 1532 4567 ἂν
1567 4508 1805 4585 ὑπάρχει
1841 4512 1923 4567 V*
1958 4508 2031 4569 ἄν
2066 4508 2315 4585 ὑπάρχοι
2357 4514 2429 4567 V2
2474 4514 2483 4581 Ι
2534 4514 2604 4569 17
2646 4509 2790 4584 ἐπεὶ]
2827 4508 2947 4569 gu?
2982 4512 3135 4568 Zahn
3186 4514 3193 4580 Ι
3249 4512 3323 4568 21

700 4612 803 4679 τὴν
837 4604 965 4665 κατ’
1000 4609 1188 4666 αὐτῶν
1225 4612 1348 4667 and.
1385 4614 1461 4668 St.
1497 4620 1802 4683 τηνικαῦτα
1838 4610 1970 4679 τοὺς
2004 4615 2055 4667 V
2102 4617 2109 4683 Ι
2166 4615 2242 4670 22
2280 4610 2362 4671 οἱ2
2397 4616 2481 4669 Ga
2542 4616 2553 4683 1
2618 4615 2695 4670 25
2730 4614 2920 4685 λόγων
2956 4616 3055 4682 V*‚
3091 4631 3232 4671 corr.
3254 4613 3333 4667 V²

705 4714 711 4777 ξ
772 4712 850 4767 32
887 4712 1002 4781 καὶ]
1041 4720 1105 4778 4—
1142 4711 1310 4779 τοὺςὶ)
1375 4719 1384 4782 Ι
1450 4714 1530 4771 88
1565 4714 1988 4786 τελειωθέντας]
2028 4724 2092 4780 -ὶ-
2127 4718 2224 4771 καὶ
2260 4714 2445 4787 πηγὰς
2479 4716 2577 4771 καὶ
2612 4716 2705 4771 Mo
2770 4719 2778 4785 1
2846 4717 2926 4773 34
2962 4714 2995 4785 ἢ
3034 4714 3137 4770 We
