3694 5582
1236 472 1304 528 de
1337 472 1710 528 ecclesiastiea
1741 472 2029 544 theologia.
2062 474 2091 528 Ι
2126 476 2207 528 11.
2247 473 2325 526 12.
3016 485 3091 544 71

482 660 692 727 φησιν
735 641 806 724 ἐξ
850 631 974 708 οῦκ
1017 628 1251 708 ὄντων
1291 641 1658 724 γεγονέναι,
1703 643 1858 720 πῶς
1884 643 1995 709 καὶ
2026 644 2183 708 τίνα
2212 632 2482 724 τρόπον
2508 631 2785 725 ὑπέστη,
2828 641 3095 726 μηδαμῆ

481 743 806 827 μηδαμῶς
851 728 1020 808 ὄντα
1063 731 1421 824 πρότερον.
1508 734 1590 808 οὗ
1632 735 1756 826 γὰρ
1810 737 1892 827 δὴ
1944 735 2119 808 κατὰ
2171 735 2331 818 τοὺς
2370 729 2531 823 παρ’
2575 733 2735 825 ἡμῖν
2788 743 3094 826 τεχνίτας
3162 743 3197 800 2

479 831 654 926 ὅλην
695 841 1286 926 προῦποκειμένην
1329 836 1562 921 λαβὼν
1607 854 1753 918 ταῖς
1793 844 2019 926 χερσὶν
2064 835 2146 908 τὸ
2188 841 2331 907 πᾶν
2360 833 2791 925 ἐτεκτήνατο.
2862 833 3094 926 ῶσπερ

479 944 552 1008 δὲ
595 936 680 1009 τὸ
725 944 811 1027 τῇ
857 935 1050 1024 φύσει
1092 932 1442 1025 ἀμήχανον
1487 928 1656 1008 ὅσον
1697 931 1800 1007 ἐπ’
1847 931 2250 1024 ἀνθρώποις
2295 943 2497 1024 (λέγω
2545 942 2613 1008 δὲ
2660 935 2742 1008 τὸ
2772 942 3094 1027 μηδαμῶς

407 1047 442 1100 5
476 1033 787 1127 ὖπάρχον
837 1041 914 1108 ἐκ
967 1042 1092 1107 τοῦ
1147 1035 1237 1126 μὴ
1300 1029 1506 1118 ὄντος
1567 1041 1660 1118 είς
1705 1035 1786 1109 τὸ
1833 1035 2003 1108 εἶναι
2046 1041 2479 1126 προαγαγεῖν)
2542 1031 2730 1126 αὐτῷ
2794 1035 3093 1107 δυνατὸν

475 1143 791 1227 κατέστη,
850 1141 962 1207 καὶ
1022 1141 1298 1225 γέγονεν
1341 1141 1488 1207 τῶν
1533 1129 1717 1207 ὅλων
1757 1134 2049 1225 ποιητὴς
2098 1130 2186 1207 οὔ
2226 1133 2403 1206 κατὰ
2447 1133 2848 1225 ἄνθρωπον,
2894 1131 3093 1224 ἀρρή-

477 1266 625 1319 τοις
667 1243 896 1309 δὲκαὶ
951 1232 1328 1324 ἇφράστοις
1389 1230 1548 1324 ἡμῖν
1607 1231 1862 1325 λόγοις,
1928 1231 2114 1307 οὕτω
2176 1243 2290 1306 καὶ
2350 1233 2531 1306 πολὺ
2590 1239 2805 1306 πλέον
2866 1231 2907 1324 ἧ
2967 1241 3096 1306 τοῦ

475 1342 892 1426 μονογενοῦς
937 1330 1150 1406 αὐτοῦ
1191 1341 1498 1424 γέννησις
1541 1329 2061 1424 άνεξερεύνητος
2113 1342 2226 1406 καὶ
2271 1330 2773 1425 άνεξιχνίαστος
2828 1330 2914 1405 ἂν
2971 1339 3091 1424 εἴη,

475 1432 598 1525 οὐχ
638 1433 802 1526 ἡμῖν
846 1430 943 1516 ῶς
985 1431 1074 1504 ἂν
1117 1441 1284 1524 φαίη
1328 1463 1432 1516 τις
1471 1430 1728 1525 μόνοις,
1773 1432 1947 1508 ἀλλὰ
1990 1441 2103 1506 καὶ
2145 1431 2391 1518 πάσαις
2432 1452 2582 1518 ταῖς
2622 1441 3004 1523 κρείττοσιν
3048 1429 3093 1522 ἢ

371 1548 440 1602 10
472 1531 632 1606 καθ’
679 1530 850 1625 ἡμᾶς
893 1531 1268 1623 δυνάμεσιν.
1354 1533 1441 1606 τὰ
1482 1535 1610 1625 γὰρ
1652 1541 1891 1625 μακρῷ
1938 1533 2067 1624 τὴν
2112 1533 2315 1623 φύσιν
2356 1531 2851 1624 ὖποβεβηκότα,
2896 1530 3090 1606 κάτω
3158 1540 3197 1595 3

473 1664 549 1706 τε
592 1643 706 1706 καὶ
747 1631 1186 1724 πορρωτάτω
1240 1639 1363 1724 τῆς
1417 1631 1716 1723 ἀρρήτου
1756 1643 1870 1706 καὶ
1914 1640 2148 1725 θεϊκῆς
2190 1641 2601 1706 καθεστῶτα
2646 1630 2893 1717 οῦσίας,
2939 1639 3092 1716 πῶς

475 1731 560 1804 ἂν
603 1739 913 1821 ἐφίκοιτο
958 1740 1081 1824 τῆς
1123 1737 1431 1806 ἐπέκεινα
1474 1741 1587 1804 καὶ
1631 1730 1976 1805 ἀνωτάτω
2029 1731 2516 1825 καταλήψεως;
2564 1739 2717 1816 πῶς
2762 1728 2828 1804 δ’
2874 1729 2960 1804 ἂν
3006 1731 3092 1804 τὰ

472 1832 562 1923 μὴ
606 1827 779 1906 ὄντα
823 1831 1198 1922 πρότερον,
1254 1829 1345 1904 δι’
1393 1829 1608 1906 αὐτοῦ
1651 1829 1718 1905 δ’
1763 1838 1838 1905 ἐκ
1880 1840 2009 1905 τοῦ
2050 1833 2140 1924 μὴ
2199 1862 2406 1917 οντος
2448 1837 2543 1916 εἰς
2586 1832 2668 1905 τὸ
2714 1833 2885 1904 εἶναι
2927 1860 3093 1922 προ·

474 1939 795 2022 αχθέντα,
841 1940 969 2006 τοῦ
1010 1931 1532 2023 προαγαγόντος
1561 1937 1786 2005 αἰτίου
1815 1961 1892 2004 τε
1922 1931 2155 2017 αὐτοῖς
2196 1939 2315 2023 τῆς
2342 1929 2694 2020 υπάρξεως
2722 1937 3091 2022 γενομένου

367 2051 436 2105 15
470 2040 658 2123 σχοίη
703 2031 791 2104 ἄν
833 2038 958 2120 τῆς
999 2032 1279 2122 πρώτης
1322 2037 1642 2122 γενέσεως
1685 2031 1818 2122 τὴν
1855 2041 2143 2122 γιῶσιν,·
2186 2030 2229 2122 ἤ
2270 2029 2409 2104 πού
2436 2059 2509 2120 γε
2541 2027 2721 2120 ἡμεῖς
2752 2032 2816 2102 οἱ
2843 2038 3089 2120 χθιζοί,

475 2137 720 2222 »δέρμα
761 2139 872 2202 καὶ
915 2138 1151 2221 κρέας(
1200 2135 1644 2220 ἐνδεδυμένοι,
1692 2127 2015 2253 ›13au‘mg-
2034 2139 2152 2255 καὶ3
2194 2131 2491 2219 νεύροιςι
2541 2136 2936 2220 ἐνειρμένοι,
2980 2135 3091 2198 καὶ

466 2239 630 2321 μηδὲ
672 2230 760 2304 τὰ
803 2227 970 2303 καθ’
1017 2227 1187 2322 ἡμᾶς
1229 2229 1504 2314 εἰδότες,
1550 2230 1678 2321 τὴν
1718 2238 1873 2320 περὶ
1916 2237 2066 2304 τῶν
2110 2228 2436 2322 ἀρρήτων
2488 2227 2852 2303 ἀκίνδυνον
2892 2258 3089 2319 ποιη-

469 2329 728 2421 σόμεθα
759 2327 1056 2421 ζήτησιν,
1099 2337 1250 2412 πῶς
1294 2335 1532 2421 ἐγέννα
1585 2337 1596 2421 Ι
1653 2331 1780 2404 τὸν
1806 2329 1959 2404 υἱὸν
1990 2325 2029 2402 6
2056 2329 2285 2420 πατὴρ
2324 2335 3090 2421 πολυπραγμονοῦντες;
3128 2338 3210 2395 ⁷2

470 2424 582 2502 ὅτι
627 2435 698 2502 δὲ
739 2437 853 2502 καὶ
890 2435 1038 2502 τῶν
1080 2428 1266 2518 παρὰ
1309 2428 1527 2514 πόδας
1560 2438 1764 2520 μυρία
1807 2430 1941 2522 τὴν
1970 2427 2300 2521 ἡμετέραν
2332 2425 2780 2520 διαδιδράσκει
2810 2434 3085 2516 γνῶσιν,

361 2549 432 2604 20
469 2529 766 2621 δῆλον“
727 2559 815 2602 αν
859 2535 958 2619 εἴη
1003 2534 1298 2602 ἐνθένδε.
1383 2537 1488 2614 τίς
1547 2529 1675 2620 γὰρ
1721 2558 1806 2601 αν
1847 2536 2063 2602 εἰπεῖν
2106 2533 2273 2619 ἔχοι,
2335 2537 2487 2614 πῶς
2538 2539 2939 2617 καθεῖρκται
2983 2531 3085 2614 τῷ
3154 2531 3193 2584 4

469 2631 758 2752 adplau-
776 2626 819 2720 ἧ
863 2627 1066 2718 ψυχή,
1111 2637 1265 2714 πῶς
1309 2633 1574 2718 ἔξεισιν,
1635 2635 1788 2713 πῶς
1842 2635 1914 2701 δὲ
1967 2630 2097 2720 τὴν
2146 2627 2361 2721 ἀρχὴν
2412 2635 2779 2718 εἰσεκρίθη,
2842 2622 3088 2699 ὁποῖον

467 2735 542 2801 δὲ
585 2726 796 2819 αυτῆς
839 2727 923 2801 τὸ
967 2730 1164 2815 εἶδος,
1209 2737 1279 2801 τί
1321 2727 1403 2802 τὸ
1449 2736 1679 2821 σχῆμα,
1725 2736 1828 2814 τίς
1875 2726 1916 2820 ἧ
1958 2729 2209 2822 μορφή,
2255 2738 2359 2814 τίς
2396 2726 2437 2821 ἦ
2468 2724 2692 2815 ουσία,·
2737 2720 2934 2799 οὔπω
2974 2754 3089 2815 μοι

470 2827 598 2900 τὸν
639 2837 795 2919 περὶ
838 2825 1187 2919 δαιμόνων
1241 2838 1861 2921 πολυπραγμονεῖν,
1926 2828 2009 2903 οὔ
2068 2830 2197 2902 τὸν
2254 2836 2411 2921 περὶ
2474 2825 2704 2912 οὐσίας
2756 2825 3085 2917 ἀγγέλων,

466 2925 550 3001 οὖ
590 2927 720 3001 τὸν
763 2934 916 3018 περὶ
960 2924 1188 3017 ἇρχῶν
1229 2938 1342 3001 καὶ
1387 2928 1668 3018 θρόνων
1709 2936 1822 3001 καὶ
1863 2928 2323 3052 κυριοτήτων,
2392 2926 2475 3002 οὗ
2524 2928 2652 3001 τὸν
2700 2936 2855 3046 περὶ
2898 2931 3077 3014 ἐξου-

355 3048 428 3104 25
465 3034 635 3101 σιῶν
677 3034 786 3099 καὶ
828 3026 1422 3117 κοσμοκρατόρων.
1508 3034 1565 3099 εἰ
1616 3024 1684 3099 δ’
1734 3034 1810 3100 ἐν
1853 3028 2129 3111 τούτοις
2180 3054 2434 3102 απασιν
2476 3026 2962 3120 άμηχανοῦμεν,
3008 3033 3077 3096 τί
3143 3037 3183 3092 5

463 3133 567 3200 δεῖ
624 3127 754 3217 τὴν
809 3133 964 3217 περὶ
1023 3133 1146 3217 τῆς
1199 3123 1498 3218 άνάρχου
1555 3136 1668 3200 καὶ
1728 3126 2065 3221 ἇγενήτου
2124 3126 2463 3225 θεότητος
2524 3136 2778 3219 γνῶσιν
2836 3132 3077 3215 διερευ-

463 3234 752 3313 νᾶσθαι,·
793 3235 862 3298 τί
905 3226 992 3298 τὰ
1037 3222 1367 3314 ανέφικτα
1397 3232 1686 3317 ἐρωτᾶν,
1731 3236 1885 3314 πῶς
1913 3232 2063 3301 υἱοῦ
2089 3236 2503 3321 μονογενοῦς
2547 3224 2585 3299 6
2630 3225 2794 3310 θεὸς
2821 3223 3079 3313 υπέστη

461 3324 708 3418 πατήρ,
754 3323 850 3410 ῶς
889 3326 981 3417 μὴ
1026 3321 1456 3416 ἇπαρκούσης
1497 3324 1658 3420 ἡμῖν
1699 3335 1824 3419 τῆς
1855 3336 2189 3453 πατρικῆς
2228 3335 2467 3419 φωνῆς
2502 3326 2677 3449 πρὸς
2702 3332 3081 3415 μαρτυρίαν

463 3434 591 3500 τοῦ
651 3424 1038 3516 ἀγαπητοῦ,
1102 3455 1186 3499 ον
1243 3423 1652 3518 άνεκήρυξεν
1712 3429 1930 3501 εἰπων
1994 3420 2235 3512 »οὗτός
2294 3433 2481 3499 ἐστιν
2546 3422 2583 3499 6
2642 3422 2787 3508 υἱός
2846 3452 2979 3515 μου
3040 3418 3079 3495 6

354 3547 428 3605 30
461 3524 841 3617 ἀγαπητός,
904 3531 980 3597 ἐν
1043 3517 1102 3615 ᾧ
1167 3522 1526 3616 ηυδόκησα,
1590 3525 1803 3601 αυτοῦ
1866 3525 2220 3614 ἇκούετε«;
2280 3531 2337 3599 εἰ
2398 3528 2477 3618 δὴ
2540 3522 2813 3599 ἀκούειν
2866 3520 3080 3595 αὐτοῦ
3146 3540 3187 3598 6

463 3625 900 3716 ἐγκελεύεται,
943 3632 1269 3749 βασιλικῷ
1315 3624 1506 3717 νόμῳ
1544 3633 2079 3719 πειθαρχοῦντες
2120 3623 2514 3715 ἀκούσωμεν
2555 3629 2684 3697 τοῦ
2722 3621 3081 3714 ἀγαπητοῦ

459 3730 628 3797 υἱοῦ.
714 3733 783 3797 τί
828 3730 900 3797 δὲ
935 3752 1140 3809 ουτος
1199 3732 1356 3815 περὶ
1417 3728 1663 3799 εαυτοῦ
1721 3727 2041 3814 βούλεται
2098 3723 2272 3818 ἡμᾶς
2332 3730 2606 3810 εἰδέναι,
2668 3721 3080 3815 παραστήσει

461 3832 682 3913 λέγων
740 3852 1002 3909 »ουτως
1063 3824 1188 3914 γὰρ
1249 3821 1590 3917 ἠγάπησεν
1653 3822 1690 3899 6
1751 3825 1917 3910 θεὸς
1976 3825 2103 3898 τὸν
2162 3823 2441 3917 κόσμον,
2504 3822 2683 3898 ὥστε
2743 3823 2867 3896 τὸν
2925 3822 3079 3895 υἱὸν

461 3921 677 3997 αὐτοῦ
738 3922 865 3995 τὸν
928 3932 1269 4015 μονογενῆ
1331 3928 1610 4009 ἔδωκεν,
1674 3930 1787 3997 ἵνα
1849 3932 1983 4008 πᾶς
2044 3922 2083 3998 6
2152 3923 2496 3999 πιστεύων
2556 3930 2650 4008 εἰς
2704 3919 2919 3996 αὐτὸν
2963 3926 3081 4012 ἔχῃ

636 4095 712 4150 16
747 4094 892 4150 Hiob
930 4096 1012 4163 10,
1049 4097 1110 4149 11
1149 4124 1216 4135 —-
1253 4096 1333 4152 24
1369 4094 1494 4150 Kol.
1531 4100 1578 4159 1,
1617 4098 1683 4153 16
1717 4127 1782 4136 —
1820 4096 1945 4153 241
1975 4095 2112 4169 Eph.
2148 4098 2283 4163 6,12
2316 4126 2383 4137 —
2419 4097 2496 4153 29
2532 4096 2731 4150 Matth.
2770 4096 2850 4161 17,
2880 4095 2913 4148 5
2952 4092 3083 4146 Par.

460 4227 528 4237 —
565 4196 639 4253 31
678 4196 802 4251 Jak.
837 4197 886 4259 2,
921 4196 956 4251 8
990 4226 1056 4235 —
1093 4196 1171 4253 88
1207 4197 1332 4253 Joh.
1370 4200 1419 4265 3,
1455 4200 1522 4255 16

630 4348 669 4404 4
704 4346 798 4404 16¹
832 4346 906 4401 ln
940 4352 1024 4401 τῶ
1061 4346 1138 4401 V*
1176 4354 1346 4403 τοῦτο
1385 4348 1462 4403 V²
1525 4350 1534 4417 Ι
1598 4349 1634 4405 5
1681 4356 2039 4423 προαγαγεῖν
2077 4349 2151 4403 Kl
2201 4354 2559 4421 παραγαγεῖν
2594 4348 2642 4399 V
2696 4349 2807 4419 vgl.
2844 4348 2899 4403 Z.
2936 4348 3001 4401 13
3064 4348 3073 4413 Ι

459 4449 498 4507 8
535 4445 730 4517 αὐτοῦ]
767 4454 833 4513 -Ι-
869 4442 996 4502 υὶοῦ
1017 4446 1110 4502 Mo
1175 4450 1184 4516 Ι
1244 4446 1468 4519 γένησις
1504 4452 1601 4515 V*,
1638 4468 1776 4506 corr.
1802 4451 1881 4506 V²
1943 4452 1951 4518 Ι
1984 4450 2063 4506 14
2098 4450 2537 4523 προαγαγόντος
2570 4468 2598 4503 r
2632 4450 3085 4523 παραγαγόντος

459 4548 506 4603 V
574 4550 584 4609 1
651 4548 728 4604 15
762 4553 862 4617 τῆς
895 4549 1002 4618 (τις
1037 4550 1133 4618 Vo)
1169 4548 1283 4623 πρὸ
1324 4556 1420 4619 τῆς
1455 4551 1520 4619 V,
1557 4568 1692 4607 corr.
1729 4550 1808 4607 Ro
1855 4554 1864 4621 Ι
1912 4552 1988 4609 21
2028 4552 2199 4623 ψυχὴ]
2239 4560 2303 4617 -Ι-
2340 4550 2416 4621 ἢὶ)
2470 4554 2478 4622 Ι
2543 4552 2623 4609 23
2658 4550 2963 4621 δαιμόνων]
3008 4549 3079 4613 '4-

455 4648 638 4721 λόγον
655 4649 748 4705 Mo
812 4650 822 4719 Ι
888 4650 967 4707 24
1002 4650 1130 4707 τὸνι
1161 4670 1217 4706 m
1253 4658 1369 4708 τῶν
1407 4653 1454 4707 V
