<?xml version="1.0" encoding="UTF-8"?>
<!DOCTYPE html PUBLIC "-//W3C//DTD XHTML 1.0 Transitional//EN"
    "http://www.w3.org/TR/xhtml1/DTD/xhtml1-transitional.dtd">
<html xmlns="http://www.w3.org/1999/xhtml" xml:lang="en" lang="en">
 <head>
  <title>
</title>
<meta http-equiv="Content-Type" content="text/html;charset=utf-8" />
  <meta name='ocr-system' content='tesseract 3.04.00' />
  <meta name='ocr-capabilities' content='ocr_page ocr_carea ocr_par ocr_line ocrx_word'/>
</head>
<body>
  <div class='ocr_page' id='page_1' title='image "./werkevolume00eusegoog/werkevolume00eusegoog_0264.png"; bbox 0 0 3694 5582; ppageno 0'>
   <div class='ocr_carea' id='block_1_1' title="bbox 1349 506 3041 580">
    <p class='ocr_par' dir='ltr' id='par_1_1' title="bbox 1349 506 3041 580">
     <span class='ocr_line' id='line_1_1' title="bbox 1349 506 3041 580; baseline 0.011 -20"><span class='ocrx_word' id='word_1_1' title='bbox 1349 506 1452 561; x_wconf 82' lang='lat' dir='ltr'><strong><em>Die</em></strong></span> <span class='ocrx_word' id='word_1_2' title='bbox 1485 506 1816 576; x_wconf 63' lang='lat' dir='ltr'><strong>Fragmenta</strong></span> <span class='ocrx_word' id='word_1_3' title='bbox 1850 506 2121 561; x_wconf 72' lang='lat' dir='ltr'><strong>Mareells.</strong></span> <span class='ocrx_word' id='word_1_4' title='bbox 2920 518 3041 580; x_wconf 85' lang='lat'><strong><em>209</em></strong></span> 
     </span>
    </p>
   </div>
   <div class='ocr_carea' id='block_1_2' title="bbox 421 668 3043 1000">
    <p class='ocr_par' dir='ltr' id='par_1_2' title="bbox 421 668 3043 1000">
     <span class='ocr_line' id='line_1_2' title="bbox 421 668 3039 747; baseline 0 -15"><span class='ocrx_word' id='word_1_5' title='bbox 421 670 526 732; x_wconf 74' lang='grc' dir='ltr'><strong><em>οὖν</em></strong></span> <span class='ocrx_word' id='word_1_6' title='bbox 561 676 664 731; x_wconf 86' lang='grc' dir='ltr'><strong><em>τὸν</em></strong></span> <span class='ocrx_word' id='word_1_7' title='bbox 699 668 1014 746; x_wconf 77' lang='grc' dir='ltr'><strong><em>ἄνθρωπον</em></strong></span> <span class='ocrx_word' id='word_1_8' title='bbox 1049 674 1150 731; x_wconf 84' lang='grc' dir='ltr'><strong><em>τόν</em></strong></span> <span class='ocrx_word' id='word_1_9' title='bbox 1185 674 1470 747; x_wconf 83' lang='grc' dir='ltr'><strong><em>πρότερον</em></strong></span> <span class='ocrx_word' id='word_1_10' title='bbox 1505 672 1596 729; x_wconf 80' lang='grc' dir='ltr'><strong><em>διὰ</em></strong></span> <span class='ocrx_word' id='word_1_11' title='bbox 1643 677 1745 742; x_wconf 83' lang='grc' dir='ltr'><strong><em>τὴν</em></strong></span> <span class='ocrx_word' id='word_1_12' title='bbox 1795 676 2097 745; x_wconf 75' lang='grc' dir='ltr'><strong><em>παρακοὴν</em></strong></span> <span class='ocrx_word' id='word_1_13' title='bbox 2148 680 2247 743; x_wconf 80' lang='grc' dir='ltr'><strong><em>τῆς</em></strong></span> <span class='ocrx_word' id='word_1_14' title='bbox 2296 677 2585 747; x_wconf 80' lang='grc' dir='ltr'><strong><em>βασιλείας</em></strong></span> <span class='ocrx_word' id='word_1_15' title='bbox 2635 674 3039 733; x_wconf 80' lang='grc' dir='ltr'><strong><em>ἐκπεπτωκότα</em></strong></span> 
     </span>
     <span class='ocr_line' id='line_1_3' title="bbox 423 756 3038 833; baseline -0 -15"><span class='ocrx_word' id='word_1_16' title='bbox 423 760 620 833; x_wconf 76' lang='grc' dir='ltr'><strong><em>κόριον</em></strong></span> <span class='ocrx_word' id='word_1_17' title='bbox 655 762 754 817; x_wconf 79' lang='grc' dir='ltr'><strong><em>καὶ</em></strong></span> <span class='ocrx_word' id='word_1_18' title='bbox 785 760 929 817; x_wconf 71' lang='grc' dir='ltr'><strong><em>θεὸν</em></strong></span> <span class='ocrx_word' id='word_1_19' title='bbox 965 758 1234 831; x_wconf 73' lang='grc' dir='ltr'><strong><em>γενέσθαι</em></strong></span> <span class='ocrx_word' id='word_1_20' title='bbox 1278 758 1630 833; x_wconf 86' lang='grc' dir='ltr'><strong><em>βουλόμενος</em></strong></span> <span class='ocrx_word' id='word_1_21' title='bbox 1683 756 1716 813; x_wconf 84' lang='grc' dir='ltr'><strong><em>ό</em></strong></span> <span class='ocrx_word' id='word_1_22' title='bbox 1769 759 1909 822; x_wconf 72' lang='grc' dir='ltr'><strong><em>θεὸς</em></strong></span> <span class='ocrx_word' id='word_1_23' title='bbox 1962 757 2170 827; x_wconf 68' lang='grc' dir='ltr'><strong><em>ταύτην</em></strong></span> <span class='ocrx_word' id='word_1_24' title='bbox 2205 763 2304 827; x_wconf 75' lang='grc' dir='ltr'><strong><em>τὴν</em></strong></span> <span class='ocrx_word' id='word_1_25' title='bbox 2342 757 2679 828; x_wconf 80' lang='grc' dir='ltr'><strong><em>οἰκονομίαν</em></strong></span> <span class='ocrx_word' id='word_1_26' title='bbox 2712 760 3038 832; x_wconf 80' lang='grc' dir='ltr'><strong><em>εἰργάσατο.</em></strong></span> 
     </span>
     <span class='ocr_line' id='line_1_4' title="bbox 426 838 3043 919; baseline 0 -19"><span class='ocrx_word' id='word_1_27' title='bbox 426 844 460 900; x_wconf 88' lang='grc' dir='ltr'><strong><em>ό</em></strong></span> <span class='ocrx_word' id='word_1_28' title='bbox 497 838 598 901; x_wconf 81' lang='grc' dir='ltr'><strong><em>οὖν</em></strong></span> <span class='ocrx_word' id='word_1_29' title='bbox 633 840 954 916; x_wconf 77' lang='grc' dir='ltr'><strong><em>ἁγιώτατος</em></strong></span> <span class='ocrx_word' id='word_1_30' title='bbox 987 847 1282 915; x_wconf 80' lang='grc' dir='ltr'><strong><em>προφήτης</em></strong></span> <span class='ocrx_word' id='word_1_31' title='bbox 1315 844 1494 901; x_wconf 79' lang='grc' dir='ltr'><strong><em>Δαυὶδ</em></strong></span> <span class='ocrx_word' id='word_1_32' title='bbox 1527 850 1893 915; x_wconf 79' lang='grc' dir='ltr'><strong><em>προφητικῶς</em></strong></span> <span class='ocrx_word' id='word_1_33' title='bbox 1926 844 2078 914; x_wconf 76' lang='grc' dir='ltr'><strong><em>λέγει</em></strong></span> <span class='ocrx_word' id='word_1_34' title='bbox 2126 842 2188 897; x_wconf 78' lang='grc' dir='ltr'><strong><em>»ό</em></strong></span> <span class='ocrx_word' id='word_1_35' title='bbox 2226 843 2422 915; x_wconf 75' lang='grc' dir='ltr'><strong><em>κύριος</em></strong></span> <span class='ocrx_word' id='word_1_36' title='bbox 2454 841 2831 919; x_wconf 76' lang='grc' dir='ltr'><strong><em>ἐβασίλευσεν,</em></strong></span> <span class='ocrx_word' id='word_1_37' title='bbox 2870 842 3043 915; x_wconf 81' lang='grc' dir='ltr'><strong><em>ἀγαλ·</em></strong></span> 
     </span>
     <span class='ocr_line' id='line_1_5' title="bbox 425 929 871 1000; baseline -0.011 -14"><span class='ocrx_word' id='word_1_38' title='bbox 425 929 647 987; x_wconf 70' lang='grc' dir='ltr'><strong><em>λιάσθω</em></strong></span> <span class='ocrx_word' id='word_1_39' title='bbox 681 931 714 999; x_wconf 79' lang='grc' dir='ltr'><em>ὴ</em></span> <span class='ocrx_word' id='word_1_40' title='bbox 753 935 871 1000; x_wconf 66' lang='grc' dir='ltr'><strong><em>γῆε.</em></strong></span> 
     </span>
    </p>
   </div>
   <div class='ocr_carea' id='block_1_3' title="bbox 347 1090 3039 1334">
    <p class='ocr_par' dir='ltr' id='par_1_3' title="bbox 347 1090 3039 1334">
     <span class='ocr_line' id='line_1_6' title="bbox 347 1090 3039 1171; baseline -0 -18"><span class='ocrx_word' id='word_1_41' title='bbox 347 1100 390 1153; x_wconf 79' lang='grc'><strong><em>5</em></strong></span> <span class='ocrx_word' id='word_1_42' title='bbox 593 1099 688 1152; x_wconf 90' lang='lat' dir='ltr'><strong><em>Nr.</em></strong></span> <span class='ocrx_word' id='word_1_43' title='bbox 726 1100 826 1151; x_wconf 86' lang='lat'><strong><em>112</em></strong></span> <span class='ocrx_word' id='word_1_44' title='bbox 861 1097 960 1166; x_wconf 79' lang='lat' dir='ltr'><strong><em>(Re</em></strong></span> <span class='ocrx_word' id='word_1_45' title='bbox 995 1099 1114 1166; x_wconf 92' lang='grc'><strong>100)</strong></span> <span class='ocrx_word' id='word_1_46' title='bbox 1159 1090 1238 1152; x_wconf 83' lang='grc' dir='ltr'><strong><em>δι’</em></strong></span> <span class='ocrx_word' id='word_1_47' title='bbox 1285 1098 1352 1168; x_wconf 74' lang='grc' dir='ltr'><strong><em>ἣν</em></strong></span> <span class='ocrx_word' id='word_1_48' title='bbox 1388 1097 1599 1165; x_wconf 78' lang='grc' dir='ltr'><strong><em>αἰτίαν,</em></strong></span> <span class='ocrx_word' id='word_1_49' title='bbox 1643 1091 1842 1169; x_wconf 80' lang='grc' dir='ltr'><strong><em>ὥσπερ</em></strong></span> <span class='ocrx_word' id='word_1_50' title='bbox 1889 1094 2069 1167; x_wconf 74' lang='grc' dir='ltr'><strong><em>ἀρχὴν</em></strong></span> <span class='ocrx_word' id='word_1_51' title='bbox 2102 1098 2391 1168; x_wconf 80' lang='grc' dir='ltr'><strong><em>βασιλείας</em></strong></span> <span class='ocrx_word' id='word_1_52' title='bbox 2426 1094 2541 1153; x_wconf 82' lang='grc' dir='ltr'><strong><em>ἀπό</em></strong></span> <span class='ocrx_word' id='word_1_53' title='bbox 2577 1116 2729 1162; x_wconf 90' lang='grc' dir='ltr'><strong><em>τινος</em></strong></span> <span class='ocrx_word' id='word_1_54' title='bbox 2761 1098 3039 1171; x_wconf 79' lang='grc' dir='ltr'><strong><em>λαβόντος</em></strong></span> 
     </span>
     <span class='ocr_line' id='line_1_7' title="bbox 421 1178 3035 1321; baseline 0 -83"><span class='ocrx_word' id='word_1_55' title='bbox 421 1184 636 1255; x_wconf 86' lang='grc' dir='ltr'><strong><em>χρόνου</em></strong></span> <span class='ocrx_word' id='word_1_56' title='bbox 641 1190 772 1321; x_wconf 58' lang='grc' dir='ltr'><strong><em>ὑζιοῦ</em></strong></span> <span class='ocrx_word' id='word_1_57' title='bbox 805 1181 1084 1238; x_wconf 77' lang='grc' dir='ltr'><strong><em>δεσπότου</em></strong></span> <span class='ocrx_word' id='word_1_58' title='bbox 1119 1181 1281 1251; x_wconf 78' lang='grc' dir='ltr'><strong><em>ἡμῶν</em></strong></span> <span class='ocrx_word' id='word_1_59' title='bbox 1319 1184 1586 1253; x_wconf 80' lang='grc' dir='ltr'><strong><em>Χριστοῦ,</em></strong></span> <span class='ocrx_word' id='word_1_60' title='bbox 1637 1182 1670 1251; x_wconf 79' lang='grc' dir='ltr'><strong><em>ἣ</em></strong></span> <span class='ocrx_word' id='word_1_61' title='bbox 1707 1182 2026 1253; x_wconf 75' lang='grc' dir='ltr'><strong><em>προφητεία</em></strong></span> <span class='ocrx_word' id='word_1_62' title='bbox 2064 1184 2233 1251; x_wconf 84' lang='grc' dir='ltr'><strong><em>φησὶν</em></strong></span> <span class='ocrx_word' id='word_1_63' title='bbox 2274 1178 2418 1252; x_wconf 75' lang='grc' dir='ltr'><strong><em>»ἐγὼ</em></strong></span> <span class='ocrx_word' id='word_1_64' title='bbox 2454 1182 2513 1238; x_wconf 78' lang='grc' dir='ltr'><strong><em>δὲ</em></strong></span> <span class='ocrx_word' id='word_1_65' title='bbox 2545 1180 2905 1251; x_wconf 75' lang='grc' dir='ltr'><strong><em>κατεστάθην</em></strong></span> <span class='ocrx_word' id='word_1_66' title='bbox 2938 1186 3035 1255; x_wconf 91' lang='grc' dir='ltr'><strong><em>βα-</em></strong></span> 
     </span>
     <span class='ocr_line' id='line_1_8' title="bbox 427 1264 996 1334; baseline -0.004 -11"><span class='ocrx_word' id='word_1_67' title='bbox 427 1266 610 1334; x_wconf 77' lang='grc' dir='ltr'><strong><em>σιλεὺς</em></strong></span> <span class='ocrx_word' id='word_1_68' title='bbox 773 1264 996 1323; x_wconf 60' lang='lat' dir='ltr'><strong><em>aimoin.</em></strong></span> 
     </span>
    </p>
   </div>
   <div class='ocr_carea' id='block_1_4' title="bbox 317 1429 3042 1927">
    <p class='ocr_par' dir='ltr' id='par_1_4' title="bbox 317 1429 3042 1927">
     <span class='ocr_line' id='line_1_9' title="bbox 593 1429 3039 1505; baseline 0.002 -18"><span class='ocrx_word' id='word_1_69' title='bbox 593 1432 690 1490; x_wconf 83' lang='lat' dir='ltr'><strong><em>Nr.</em></strong></span> <span class='ocrx_word' id='word_1_70' title='bbox 729 1436 830 1489; x_wconf 85' lang='lat'><strong><em>113</em></strong></span> <span class='ocrx_word' id='word_1_71' title='bbox 863 1434 966 1501; x_wconf 66' lang='lat' dir='ltr'><strong><em>(Re</em></strong></span> <span class='ocrx_word' id='word_1_72' title='bbox 1001 1434 1120 1503; x_wconf 89' lang='lat'>100)</span> <span class='ocrx_word' id='word_1_73' title='bbox 1157 1431 1246 1491; x_wconf 85' lang='grc' dir='ltr'><strong><em>διὰ</em></strong></span> <span class='ocrx_word' id='word_1_74' title='bbox 1289 1442 1458 1489; x_wconf 81' lang='grc' dir='ltr'><strong><em>τοῦτο</em></strong></span> <span class='ocrx_word' id='word_1_75' title='bbox 1505 1431 1618 1505; x_wconf 79' lang='grc' dir='ltr'><strong><em>γὰρ</em></strong></span> <span class='ocrx_word' id='word_1_76' title='bbox 1659 1435 1758 1489; x_wconf 81' lang='grc' dir='ltr'><strong><em>καὶ</em></strong></span> <span class='ocrx_word' id='word_1_77' title='bbox 1800 1431 2122 1505; x_wconf 78' lang='grc' dir='ltr'><strong><em>βασιλεύσει</em></strong></span> <span class='ocrx_word' id='word_1_78' title='bbox 2166 1429 2229 1488; x_wconf 80' lang='grc' dir='ltr'><strong><em>ἐν</em></strong></span> <span class='ocrx_word' id='word_1_79' title='bbox 2275 1440 2345 1504; x_wconf 77' lang='grc' dir='ltr'><strong><em>τῇ</em></strong></span> <span class='ocrx_word' id='word_1_80' title='bbox 2382 1432 2713 1505; x_wconf 73' lang='grc' dir='ltr'><strong><em>ἀνθρωπίνῃ</em></strong></span> <span class='ocrx_word' id='word_1_81' title='bbox 2750 1437 2917 1505; x_wconf 76' lang='grc' dir='ltr'><strong><em>σαρκὶ</em></strong></span> <span class='ocrx_word' id='word_1_82' title='bbox 2950 1454 3039 1505; x_wconf 90' lang='grc' dir='ltr'><strong><em>γε·</em></strong></span> 
     </span>
     <span class='ocr_line' id='line_1_10' title="bbox 423 1513 3040 1590; baseline 0 -16"><span class='ocrx_word' id='word_1_83' title='bbox 423 1520 689 1588; x_wconf 85' lang='grc' dir='ltr'><strong><em>νόμενος,</em></strong></span> <span class='ocrx_word' id='word_1_84' title='bbox 742 1517 1003 1590; x_wconf 83' lang='grc' dir='ltr'><strong><em>βασιλεύς</em></strong></span> <span class='ocrx_word' id='word_1_85' title='bbox 1047 1535 1110 1574; x_wconf 84' lang='grc' dir='ltr'><strong><em>τε</em></strong></span> <span class='ocrx_word' id='word_1_86' title='bbox 1143 1516 1431 1584; x_wconf 84' lang='grc' dir='ltr'><strong><em>καταστὰς</em></strong></span> <span class='ocrx_word' id='word_1_87' title='bbox 1482 1516 1572 1575; x_wconf 83' lang='grc' dir='ltr'><strong><em>διὰ</em></strong></span> <span class='ocrx_word' id='word_1_88' title='bbox 1607 1526 1709 1573; x_wconf 87' lang='grc' dir='ltr'><strong><em>τοῦ</em></strong></span> <span class='ocrx_word' id='word_1_89' title='bbox 1743 1518 1921 1589; x_wconf 84' lang='grc' dir='ltr'><strong><em>λόγου</em></strong></span> <span class='ocrx_word' id='word_1_90' title='bbox 1955 1516 1988 1572; x_wconf 85' lang='grc' dir='ltr'><strong><em>ό</em></strong></span> <span class='ocrx_word' id='word_1_91' title='bbox 2022 1516 2339 1588; x_wconf 73' lang='grc' dir='ltr'><strong><em>ἀπατηθεὶς</em></strong></span> <span class='ocrx_word' id='word_1_92' title='bbox 2390 1519 2675 1589; x_wconf 89' lang='grc' dir='ltr'><strong><em>πρότερον</em></strong></span> <span class='ocrx_word' id='word_1_93' title='bbox 2730 1513 3040 1589; x_wconf 73' lang='grc' dir='ltr'><strong><em>ἄνθρωπος</em></strong></span> 
     </span>
     <span class='ocr_line' id='line_1_11' title="bbox 317 1599 3039 1677; baseline 0.002 -21"><span class='ocrx_word' id='word_1_94' title='bbox 317 1604 392 1656; x_wconf 93' lang='grc'><strong><em>10</em></strong></span> <span class='ocrx_word' id='word_1_95' title='bbox 429 1608 650 1659; x_wconf 73' lang='grc' dir='ltr'><strong><em>ιπᾶσαν</em></strong></span> <span class='ocrx_word' id='word_1_96' title='bbox 687 1599 896 1673; x_wconf 76' lang='grc' dir='ltr'><strong><em>ἀρχὴν·</em></strong></span> <span class='ocrx_word' id='word_1_97' title='bbox 936 1610 1038 1658; x_wconf 84' lang='grc' dir='ltr'><strong><em>τοῦ</em></strong></span> <span class='ocrx_word' id='word_1_98' title='bbox 1071 1602 1338 1675; x_wconf 80' lang='grc' dir='ltr'><strong><em>διαβόλου</em></strong></span> <span class='ocrx_word' id='word_1_99' title='bbox 1396 1605 1521 1659; x_wconf 69' lang='grc' dir='ltr'><strong><em>»καὶ</em></strong></span> <span class='ocrx_word' id='word_1_100' title='bbox 1573 1601 1810 1671; x_wconf 82' lang='grc' dir='ltr'><strong><em>δύναμιν</em></strong></span> <span class='ocrx_word' id='word_1_101' title='bbox 1864 1606 1962 1659; x_wconf 79' lang='grc' dir='ltr'><strong><em>καὶ</em></strong></span> <span class='ocrx_word' id='word_1_102' title='bbox 2016 1600 2274 1670; x_wconf 79' lang='grc' dir='ltr'><strong><em>ἐξουσίαν</em></strong></span> <span class='ocrx_word' id='word_1_103' title='bbox 2310 1604 2707 1675; x_wconf 66' lang='grc' dir='ltr'><strong><em>καταργήσεικ.</em></strong></span> <span class='ocrx_word' id='word_1_104' title='bbox 2781 1607 2900 1661; x_wconf 77' lang='grc' dir='ltr'><strong><em>»δεῖ</em></strong></span> <span class='ocrx_word' id='word_1_105' title='bbox 2926 1604 3039 1677; x_wconf 85' lang='grc' dir='ltr'><strong><em>γὰρ</em></strong></span> 
     </span>
     <span class='ocr_line' id='line_1_12' title="bbox 423 1678 3039 1759; baseline 0.002 -18"><span class='ocrx_word' id='word_1_106' title='bbox 423 1685 597 1742; x_wconf 80' lang='grc' dir='ltr'><strong><em>αὐτὸν</em></strong></span> <span class='ocrx_word' id='word_1_107' title='bbox 647 1685 992 1759; x_wconf 75' lang='grc' dir='ltr'><strong><em>βασιλεύεινα</em></strong></span> <span class='ocrx_word' id='word_1_108' title='bbox 1053 1688 1220 1756; x_wconf 86' lang='grc' dir='ltr'><strong><em>φησὶν</em></strong></span> <span class='ocrx_word' id='word_1_109' title='bbox 1279 1680 1441 1758; x_wconf 79' lang='grc' dir='ltr'><strong><em>»ἄχρι</em></strong></span> <span class='ocrx_word' id='word_1_110' title='bbox 1493 1678 1562 1741; x_wconf 82' lang='grc' dir='ltr'><strong><em>οὗ</em></strong></span> <span class='ocrx_word' id='word_1_111' title='bbox 1607 1681 1677 1743; x_wconf 82' lang='grc' dir='ltr'><strong><em>ἂν</em></strong></span> <span class='ocrx_word' id='word_1_112' title='bbox 1722 1690 1803 1757; x_wconf 73' lang='grc' dir='ltr'><strong><em>θῇ</em></strong></span> <span class='ocrx_word' id='word_1_113' title='bbox 1838 1684 1970 1751; x_wconf 80' lang='grc' dir='ltr'><strong><em>τοὺς</em></strong></span> <span class='ocrx_word' id='word_1_114' title='bbox 2004 1683 2247 1757; x_wconf 75' lang='grc' dir='ltr'><strong><em>ἐχθροὺς</em></strong></span> <span class='ocrx_word' id='word_1_115' title='bbox 2280 1682 2393 1741; x_wconf 77' lang='grc' dir='ltr'><strong><em>ὑπὸ</em></strong></span> <span class='ocrx_word' id='word_1_116' title='bbox 2428 1685 2559 1753; x_wconf 82' lang='grc' dir='ltr'><strong><em>τοὺς</em></strong></span> <span class='ocrx_word' id='word_1_117' title='bbox 2602 1689 2780 1754; x_wconf 81' lang='grc' dir='ltr'><strong><em>πόδας</em></strong></span> <span class='ocrx_word' id='word_1_118' title='bbox 2816 1688 3039 1747; x_wconf 70' lang='grc' dir='ltr'><strong><em>αὐτοῦε.</em></strong></span> 
     </span>
     <span class='ocr_line' id='line_1_13' title="bbox 423 1765 3042 1846; baseline 0.002 -19"><span class='ocrx_word' id='word_1_119' title='bbox 423 1777 521 1839; x_wconf 80' lang='grc' dir='ltr'><strong><em>τῆς</em></strong></span> <span class='ocrx_word' id='word_1_120' title='bbox 557 1772 749 1827; x_wconf 83' lang='grc' dir='ltr'><strong><em>τοίνυν</em></strong></span> <span class='ocrx_word' id='word_1_121' title='bbox 783 1779 886 1826; x_wconf 86' lang='grc' dir='ltr'><strong><em>τοῦ</em></strong></span> <span class='ocrx_word' id='word_1_122' title='bbox 920 1770 1198 1827; x_wconf 78' lang='grc' dir='ltr'><strong><em>δεσπότου</em></strong></span> <span class='ocrx_word' id='word_1_123' title='bbox 1236 1770 1395 1840; x_wconf 75' lang='grc' dir='ltr'><strong><em>ἡμῶν</em></strong></span> <span class='ocrx_word' id='word_1_124' title='bbox 1433 1774 1680 1843; x_wconf 79' lang='grc' dir='ltr'><strong><em>Χριστοῦ</em></strong></span> <span class='ocrx_word' id='word_1_125' title='bbox 1711 1774 2004 1843; x_wconf 80' lang='grc' dir='ltr'><strong><em>βασιλείας</em></strong></span> <span class='ocrx_word' id='word_1_126' title='bbox 2036 1780 2205 1827; x_wconf 65' lang='grc' dir='ltr'><strong><em>τοῦτο</em></strong></span> <span class='ocrx_word' id='word_1_127' title='bbox 2242 1770 2401 1836; x_wconf 78' lang='grc' dir='ltr'><strong><em>τέλος</em></strong></span> <span class='ocrx_word' id='word_1_128' title='bbox 2438 1765 2586 1829; x_wconf 83' lang='grc' dir='ltr'><strong><em>εἷναί</em></strong></span> <span class='ocrx_word' id='word_1_129' title='bbox 2618 1792 2785 1842; x_wconf 80' lang='grc' dir='ltr'><strong><em>φησιν</em></strong></span> <span class='ocrx_word' id='word_1_130' title='bbox 2822 1773 2854 1829; x_wconf 78' lang='grc' dir='ltr'>ὁ</span> <span class='ocrx_word' id='word_1_131' title='bbox 2889 1770 3042 1846; x_wconf 77' lang='grc' dir='ltr'><strong><em>ἱερὸς</em></strong></span> 
     </span>
     <span class='ocr_line' id='line_1_14' title="bbox 424 1852 2064 1927; baseline -0.001 -15"><span class='ocrx_word' id='word_1_132' title='bbox 424 1854 762 1923; x_wconf 83' lang='grc' dir='ltr'><strong><em>ἀπόστολος,</em></strong></span> <span class='ocrx_word' id='word_1_133' title='bbox 797 1856 865 1912; x_wconf 89' lang='grc' dir='ltr'><strong><em>τὸ</em></strong></span> <span class='ocrx_word' id='word_1_134' title='bbox 899 1854 1090 1911; x_wconf 85' lang='grc' dir='ltr'><strong><em>πάντα</em></strong></span> <span class='ocrx_word' id='word_1_135' title='bbox 1125 1852 1477 1927; x_wconf 71' lang='grc' dir='ltr'><strong><em>ὑποταγῆναι</em></strong></span> <span class='ocrx_word' id='word_1_136' title='bbox 1513 1862 1635 1921; x_wconf 83' lang='grc' dir='ltr'><strong><em>τοῖς</em></strong></span> <span class='ocrx_word' id='word_1_137' title='bbox 1669 1858 1838 1911; x_wconf 79' lang='grc' dir='ltr'><strong><em>ποσὶν</em></strong></span> <span class='ocrx_word' id='word_1_138' title='bbox 1876 1854 2064 1911; x_wconf 64' lang='grc' dir='ltr'><strong><em>αὐτοῦ.</em></strong></span> 
     </span>
    </p>
   </div>
   <div class='ocr_carea' id='block_1_5' title="bbox 319 2020 3041 2263">
    <p class='ocr_par' dir='ltr' id='par_1_5' title="bbox 319 2020 3041 2263">
     <span class='ocr_line' id='line_1_15' title="bbox 593 2020 3041 2095; baseline 0.002 -18"><span class='ocrx_word' id='word_1_139' title='bbox 593 2024 686 2079; x_wconf 87' lang='lat' dir='ltr'><strong><em>Nr.</em></strong></span> <span class='ocrx_word' id='word_1_140' title='bbox 711 2026 810 2079; x_wconf 84' lang='lat'><strong><em>114</em></strong></span> <span class='ocrx_word' id='word_1_141' title='bbox 841 2024 942 2091; x_wconf 76' lang='lat' dir='ltr'><strong><em>(Ro</em></strong></span> <span class='ocrx_word' id='word_1_142' title='bbox 959 2024 1079 2091; x_wconf 88' lang='lat'>101)</span> <span class='ocrx_word' id='word_1_143' title='bbox 1113 2020 1382 2093; x_wconf 82' lang='grc' dir='ltr'><strong><em>μέγιστον</em></strong></span> <span class='ocrx_word' id='word_1_144' title='bbox 1419 2025 1552 2091; x_wconf 71' lang='grc' dir='ltr'><strong><em>ἡμῖν</em></strong></span> <span class='ocrx_word' id='word_1_145' title='bbox 1587 2024 1897 2095; x_wconf 83' lang='grc' dir='ltr'><strong><em>μυστήριον</em></strong></span> <span class='ocrx_word' id='word_1_146' title='bbox 1933 2020 2181 2080; x_wconf 75' lang='grc' dir='ltr'><strong><em>ἐνταῦθα</em></strong></span> <span class='ocrx_word' id='word_1_147' title='bbox 2218 2022 2251 2077; x_wconf 79' lang='grc' dir='ltr'><strong><em>ό</em></strong></span> <span class='ocrx_word' id='word_1_148' title='bbox 2289 2021 2609 2089; x_wconf 77' lang='grc' dir='ltr'><strong><em>ἀπόστολος</em></strong></span> <span class='ocrx_word' id='word_1_149' title='bbox 2644 2022 3041 2095; x_wconf 80' lang='grc' dir='ltr'><strong><em>ἀνακαλύπτει,</em></strong></span> 
     </span>
     <span class='ocr_line' id='line_1_16' title="bbox 319 2100 3041 2179; baseline 0.002 -16"><span class='ocrx_word' id='word_1_150' title='bbox 319 2110 392 2163; x_wconf 86' lang='grc'><strong>15</strong></span> <span class='ocrx_word' id='word_1_151' title='bbox 425 2106 585 2172; x_wconf 81' lang='grc' dir='ltr'><strong><em>τέλος</em></strong></span> <span class='ocrx_word' id='word_1_152' title='bbox 633 2105 741 2176; x_wconf 77' lang='grc' dir='ltr'><strong><em>μὲν</em></strong></span> <span class='ocrx_word' id='word_1_153' title='bbox 794 2100 1027 2164; x_wconf 73' lang='grc' dir='ltr'><strong><em>ἔσεσθαι</em></strong></span> <span class='ocrx_word' id='word_1_154' title='bbox 1071 2106 1311 2177; x_wconf 78' lang='grc' dir='ltr'><strong><em>φάσκων</em></strong></span> <span class='ocrx_word' id='word_1_155' title='bbox 1355 2113 1454 2173; x_wconf 83' lang='grc' dir='ltr'><strong><em>τῆς</em></strong></span> <span class='ocrx_word' id='word_1_156' title='bbox 1487 2106 1738 2177; x_wconf 73' lang='grc' dir='ltr'><strong><em>Χριστοῦ</em></strong></span> <span class='ocrx_word' id='word_1_157' title='bbox 1779 2110 2095 2179; x_wconf 82' lang='grc' dir='ltr'><strong><em>βασιλείας·</em></strong></span> <span class='ocrx_word' id='word_1_158' title='bbox 2154 2107 2317 2174; x_wconf 80' lang='grc' dir='ltr'><strong><em>τέλος</em></strong></span> <span class='ocrx_word' id='word_1_159' title='bbox 2368 2106 2428 2164; x_wconf 81' lang='grc' dir='ltr'><strong><em>δὲ</em></strong></span> <span class='ocrx_word' id='word_1_160' title='bbox 2479 2109 2625 2175; x_wconf 88' lang='grc' dir='ltr'><strong><em>τότε,</em></strong></span> <span class='ocrx_word' id='word_1_161' title='bbox 2679 2104 2819 2167; x_wconf 76' lang='grc' dir='ltr'><strong><em>ὅταν</em></strong></span> <span class='ocrx_word' id='word_1_162' title='bbox 2852 2112 3041 2169; x_wconf 76' lang='grc' dir='ltr'><strong><em>πάντα</em></strong></span> 
     </span>
     <span class='ocr_line' id='line_1_17' title="bbox 423 2187 1428 2263; baseline 0 -16"><span class='ocrx_word' id='word_1_163' title='bbox 423 2187 682 2263; x_wconf 73' lang='grc' dir='ltr'><strong><em>ὑποταγῇ</em></strong></span> <span class='ocrx_word' id='word_1_164' title='bbox 715 2188 828 2248; x_wconf 80' lang='grc' dir='ltr'><strong><em>ὑπὸ</em></strong></span> <span class='ocrx_word' id='word_1_165' title='bbox 864 2190 992 2257; x_wconf 86' lang='grc' dir='ltr'><strong><em>τοὺς</em></strong></span> <span class='ocrx_word' id='word_1_166' title='bbox 1025 2192 1204 2256; x_wconf 87' lang='grc' dir='ltr'><strong><em>πόδας</em></strong></span> <span class='ocrx_word' id='word_1_167' title='bbox 1239 2190 1428 2247; x_wconf 74' lang='grc' dir='ltr'><strong><em>αὐτοῦ.</em></strong></span> 
     </span>
    </p>
   </div>
   <div class='ocr_carea' id='block_1_6' title="bbox 313 2352 3041 3192">
    <p class='ocr_par' dir='ltr' id='par_1_6' title="bbox 424 2352 3040 2600">
     <span class='ocr_line' id='line_1_18' title="bbox 595 2352 3039 2437; baseline 0.002 -24"><span class='ocrx_word' id='word_1_168' title='bbox 595 2358 687 2414; x_wconf 86' lang='lat' dir='ltr'><strong><em>Nr.</em></strong></span> <span class='ocrx_word' id='word_1_169' title='bbox 726 2363 824 2415; x_wconf 78' lang='lat'><strong><em>115</em></strong></span> <span class='ocrx_word' id='word_1_170' title='bbox 847 2358 947 2429; x_wconf 69' lang='lat' dir='ltr'><strong><em>(Re</em></strong></span> <span class='ocrx_word' id='word_1_171' title='bbox 973 2360 1092 2429; x_wconf 86' lang='lat'>102)</span> <span class='ocrx_word' id='word_1_172' title='bbox 1126 2352 1346 2429; x_wconf 80' lang='grc' dir='ltr'><strong><em>ἔφαμεν</em></strong></span> <span class='ocrx_word' id='word_1_173' title='bbox 1382 2356 1444 2415; x_wconf 75' lang='grc' dir='ltr'><strong><em>ἐν</em></strong></span> <span class='ocrx_word' id='word_1_174' title='bbox 1480 2366 1598 2425; x_wconf 82' lang='grc' dir='ltr'><strong><em>τοῖς</em></strong></span> <span class='ocrx_word' id='word_1_175' title='bbox 1631 2357 1983 2431; x_wconf 74' lang='grc' dir='ltr'><strong><em>προάγουσιν</em></strong></span> <span class='ocrx_word' id='word_1_176' title='bbox 2024 2362 2183 2429; x_wconf 76' lang='grc' dir='ltr'><strong><em>ἡμῶν</em></strong></span> <span class='ocrx_word' id='word_1_177' title='bbox 2218 2358 2410 2430; x_wconf 80' lang='grc' dir='ltr'><strong><em>ῥητοῖς</em></strong></span> <span class='ocrx_word' id='word_1_178' title='bbox 2445 2361 2544 2417; x_wconf 81' lang='grc' dir='ltr'><strong><em>τὸν</em></strong></span> <span class='ocrx_word' id='word_1_179' title='bbox 2580 2362 2855 2431; x_wconf 84' lang='grc' dir='ltr'><strong><em>δεσπότην</em></strong></span> <span class='ocrx_word' id='word_1_180' title='bbox 2880 2365 3039 2437; x_wconf 72' lang='grc' dir='ltr'><strong><em>ίμιῷν</em></strong></span> 
     </span>
     <span class='ocr_line' id='line_1_19' title="bbox 425 2438 3037 2519; baseline 0 -18"><span class='ocrx_word' id='word_1_181' title='bbox 425 2446 526 2501; x_wconf 83' lang='grc' dir='ltr'><strong><em>τόν</em></strong></span> <span class='ocrx_word' id='word_1_182' title='bbox 563 2444 814 2517; x_wconf 87' lang='grc' dir='ltr'><strong><em>Χριστὸν</em></strong></span> <span class='ocrx_word' id='word_1_183' title='bbox 851 2442 1032 2515; x_wconf 77' lang='grc' dir='ltr'><strong><em>ἀρχὴν</em></strong></span> <span class='ocrx_word' id='word_1_184' title='bbox 1068 2439 1368 2513; x_wconf 78' lang='grc' dir='ltr'><strong><em>ἐσχηκέναι</em></strong></span> <span class='ocrx_word' id='word_1_185' title='bbox 1400 2444 1715 2515; x_wconf 86' lang='grc' dir='ltr'><strong><em>βασιλείας,</em></strong></span> <span class='ocrx_word' id='word_1_186' title='bbox 1765 2438 1849 2499; x_wconf 63' lang='grc' dir='ltr'><strong><em>ἐκῑ</em></strong></span> <span class='ocrx_word' id='word_1_187' title='bbox 1872 2450 1987 2499; x_wconf 84' lang='grc' dir='ltr'><strong><em>τῶν</em></strong></span> <span class='ocrx_word' id='word_1_188' title='bbox 2020 2445 2197 2499; x_wconf 74' lang='grc' dir='ltr'><strong><em>θείων</em></strong></span> <span class='ocrx_word' id='word_1_189' title='bbox 2234 2450 2471 2515; x_wconf 84' lang='grc' dir='ltr'><strong><em>γραφῶν</em></strong></span> <span class='ocrx_word' id='word_1_190' title='bbox 2508 2442 2859 2514; x_wconf 76' lang='grc' dir='ltr'><strong><em>ἀποδείξεσιν</em></strong></span> <span class='ocrx_word' id='word_1_191' title='bbox 2890 2444 3037 2519; x_wconf 78' lang='grc' dir='ltr'><strong><em>χρώ·</em></strong></span> 
     </span>
     <span class='ocr_line' id='line_1_20' title="bbox 424 2522 3040 2600; baseline 0.001 -14"><span class='ocrx_word' id='word_1_192' title='bbox 424 2549 606 2599; x_wconf 89' lang='grc' dir='ltr'><strong><em>μενοι.</em></strong></span> <span class='ocrx_word' id='word_1_193' title='bbox 664 2523 812 2585; x_wconf 79' lang='grc' dir='ltr'><strong><em>ἔστιν</em></strong></span> <span class='ocrx_word' id='word_1_194' title='bbox 847 2526 954 2599; x_wconf 72' lang='grc' dir='ltr'><strong><em>μὲν</em></strong></span> <span class='ocrx_word' id='word_1_195' title='bbox 987 2530 1091 2597; x_wconf 88' lang='grc' dir='ltr'><strong><em>μία</em></strong></span> <span class='ocrx_word' id='word_1_196' title='bbox 1129 2530 1162 2598; x_wconf 81' lang='grc' dir='ltr'><em>ἡ</em></span> <span class='ocrx_word' id='word_1_197' title='bbox 1197 2526 1441 2599; x_wconf 77' lang='grc' dir='ltr'><strong><em>λέγουσα</em></strong></span> <span class='ocrx_word' id='word_1_198' title='bbox 1483 2524 1629 2599; x_wconf 76' lang='grc' dir='ltr'><strong><em>»ἐγὼ</em></strong></span> <span class='ocrx_word' id='word_1_199' title='bbox 1651 2525 1712 2584; x_wconf 81' lang='grc' dir='ltr'><strong><em>δὲ</em></strong></span> <span class='ocrx_word' id='word_1_200' title='bbox 1744 2526 2103 2597; x_wconf 74' lang='grc' dir='ltr'><strong><em>κατεστάθην</em></strong></span> <span class='ocrx_word' id='word_1_201' title='bbox 2136 2528 2398 2600; x_wconf 83' lang='grc' dir='ltr'><strong><em>βασιλεὺς</em></strong></span> <span class='ocrx_word' id='word_1_202' title='bbox 2430 2522 2523 2584; x_wconf 78' lang='grc' dir='ltr'><strong><em>ὑπ’</em></strong></span> <span class='ocrx_word' id='word_1_203' title='bbox 2559 2530 2731 2586; x_wconf 78' lang='grc' dir='ltr'><strong><em>αὐτοῦ</em></strong></span> <span class='ocrx_word' id='word_1_204' title='bbox 2765 2528 2858 2587; x_wconf 80' lang='grc' dir='ltr'><strong><em>ἐπὶ</em></strong></span> <span class='ocrx_word' id='word_1_205' title='bbox 2882 2530 3040 2589; x_wconf 86' lang='grc' dir='ltr'><strong><em>Σιὼν</em></strong></span> 
     </span>
    </p>

    <p class='ocr_par' dir='ltr' id='par_1_7' title="bbox 317 2608 3041 3026">
     <span class='ocr_line' id='line_1_21' title="bbox 317 2608 3041 2685; baseline 0.002 -20"><span class='ocrx_word' id='word_1_206' title='bbox 317 2614 392 2666; x_wconf 80' lang='grc'><strong><em>20</em></strong></span> <span class='ocrx_word' id='word_1_207' title='bbox 427 2609 566 2685; x_wconf 77' lang='grc' dir='ltr'><strong><em>ὄρος</em></strong></span> <span class='ocrx_word' id='word_1_208' title='bbox 599 2613 667 2669; x_wconf 88' lang='grc' dir='ltr'><strong><em>τὸ</em></strong></span> <span class='ocrx_word' id='word_1_209' title='bbox 701 2608 869 2684; x_wconf 70' lang='grc' dir='ltr'><strong><em>ἅγιον</em></strong></span> <span class='ocrx_word' id='word_1_210' title='bbox 906 2612 1138 2677; x_wconf 62' lang='lat' dir='ltr'><strong><em>abtas-a,</em></strong></span> <span class='ocrx_word' id='word_1_211' title='bbox 1181 2608 1348 2683; x_wconf 77' lang='grc' dir='ltr'><strong><em>ἑτέρα</em></strong></span> <span class='ocrx_word' id='word_1_212' title='bbox 1392 2610 1454 2669; x_wconf 78' lang='grc' dir='ltr'><strong><em>δέ</em></strong></span> <span class='ocrx_word' id='word_1_213' title='bbox 1501 2610 1563 2667; x_wconf 78' lang='grc' dir='ltr'><strong><em>»ό</em></strong></span> <span class='ocrx_word' id='word_1_214' title='bbox 1596 2610 1794 2684; x_wconf 75' lang='grc' dir='ltr'><strong><em>κύριος</em></strong></span> <span class='ocrx_word' id='word_1_215' title='bbox 1827 2610 2211 2685; x_wconf 80' lang='grc' dir='ltr'><strong><em>ἐβασίλευσεν,</em></strong></span> <span class='ocrx_word' id='word_1_216' title='bbox 2250 2610 2681 2684; x_wconf 76' lang='grc' dir='ltr'><strong><em>ὀργιζέσθωσαν</em></strong></span> <span class='ocrx_word' id='word_1_217' title='bbox 2716 2618 2907 2683; x_wconf 72' lang='grc' dir='ltr'><strong><em>λαοία,</em></strong></span> <span class='ocrx_word' id='word_1_218' title='bbox 2942 2620 3041 2675; x_wconf 78' lang='grc' dir='ltr'><strong><em>καὶ</em></strong></span> 
     </span>
     <span class='ocr_line' id='line_1_22' title="bbox 426 2690 3041 2773; baseline 0.001 -18"><span class='ocrx_word' id='word_1_219' title='bbox 426 2690 593 2764; x_wconf 78' lang='grc' dir='ltr'><strong><em>αὖθις</em></strong></span> <span class='ocrx_word' id='word_1_220' title='bbox 632 2696 694 2752; x_wconf 75' lang='grc' dir='ltr'><strong><em>»ό</em></strong></span> <span class='ocrx_word' id='word_1_221' title='bbox 729 2696 925 2769; x_wconf 81' lang='grc' dir='ltr'><strong><em>κύριος</em></strong></span> <span class='ocrx_word' id='word_1_222' title='bbox 959 2695 1346 2770; x_wconf 82' lang='grc' dir='ltr'><strong><em>ἐβασίλευσεν,</em></strong></span> <span class='ocrx_word' id='word_1_223' title='bbox 1400 2694 1772 2767; x_wconf 71' lang='grc' dir='ltr'><strong><em>ἀγαλλιάσθω</em></strong></span> <span class='ocrx_word' id='word_1_224' title='bbox 1808 2699 1838 2766; x_wconf 74' lang='grc' dir='ltr'><em>ὴ</em></span> <span class='ocrx_word' id='word_1_225' title='bbox 1878 2704 1997 2768; x_wconf 63' lang='grc' dir='ltr'><strong><em>γῆα.</em></strong></span> <span class='ocrx_word' id='word_1_226' title='bbox 2066 2700 2165 2753; x_wconf 86' lang='grc' dir='ltr'><strong><em>καὶ</em></strong></span> <span class='ocrx_word' id='word_1_227' title='bbox 2218 2694 2367 2763; x_wconf 76' lang='grc' dir='ltr'><strong><em>ὅλως</em></strong></span> <span class='ocrx_word' id='word_1_228' title='bbox 2408 2700 2627 2771; x_wconf 82' lang='grc' dir='ltr'><strong><em>μυρίων</em></strong></span> <span class='ocrx_word' id='word_1_229' title='bbox 2672 2698 2858 2773; x_wconf 74' lang='grc' dir='ltr'><strong><em>ῥητῶν</em></strong></span> <span class='ocrx_word' id='word_1_230' title='bbox 2894 2701 3041 2773; x_wconf 82' lang='grc' dir='ltr'><strong><em>πρὸς</em></strong></span> 
     </span>
     <span class='ocr_line' id='line_1_23' title="bbox 424 2776 3039 2857; baseline 0.002 -17"><span class='ocrx_word' id='word_1_231' title='bbox 424 2782 741 2856; x_wconf 75' lang='grc' dir='ltr'><strong><em>μαρτυρίαν</em></strong></span> <span class='ocrx_word' id='word_1_232' title='bbox 777 2776 926 2839; x_wconf 82' lang='grc' dir='ltr'><strong><em>ἔστιν</em></strong></span> <span class='ocrx_word' id='word_1_233' title='bbox 959 2780 1355 2855; x_wconf 74' lang='grc' dir='ltr'><strong><em>εὐπορήσαντα</em></strong></span> <span class='ocrx_word' id='word_1_234' title='bbox 1390 2784 1582 2850; x_wconf 81' lang='grc' dir='ltr'><strong><em>δεῖξαι,</em></strong></span> <span class='ocrx_word' id='word_1_235' title='bbox 1619 2776 1707 2838; x_wconf 75' lang='grc' dir='ltr'><strong><em>ὅτι</em></strong></span> <span class='ocrx_word' id='word_1_236' title='bbox 1742 2779 1921 2854; x_wconf 78' lang='grc' dir='ltr'><strong><em>ἀρχὴν</em></strong></span> <span class='ocrx_word' id='word_1_237' title='bbox 1956 2784 2244 2856; x_wconf 86' lang='grc' dir='ltr'><strong><em>βασιλείας</em></strong></span> <span class='ocrx_word' id='word_1_238' title='bbox 2278 2778 2504 2853; x_wconf 75' lang='grc' dir='ltr'><strong><em>είληφεν</em></strong></span> <span class='ocrx_word' id='word_1_239' title='bbox 2540 2782 2573 2839; x_wconf 85' lang='grc' dir='ltr'><strong><em>ό</em></strong></span> <span class='ocrx_word' id='word_1_240' title='bbox 2607 2778 2919 2857; x_wconf 75' lang='grc' dir='ltr'><strong><em>ἄνθρωπος</em></strong></span> <span class='ocrx_word' id='word_1_241' title='bbox 2949 2786 3039 2844; x_wconf 82' lang='grc' dir='ltr'><strong><em>διὰ</em></strong></span> 
     </span>
     <span class='ocr_line' id='line_1_24' title="bbox 425 2859 3037 2942; baseline 0.002 -20"><span class='ocrx_word' id='word_1_242' title='bbox 425 2876 526 2923; x_wconf 75' lang='grc' dir='ltr'><strong><em>τοῦ</em></strong></span> <span class='ocrx_word' id='word_1_243' title='bbox 559 2866 753 2938; x_wconf 85' lang='grc' dir='ltr'><strong><em>λόγου.</em></strong></span> <span class='ocrx_word' id='word_1_244' title='bbox 823 2864 879 2922; x_wconf 85' lang='grc' dir='ltr'><strong><em>εἰ</em></strong></span> <span class='ocrx_word' id='word_1_245' title='bbox 910 2859 1010 2922; x_wconf 79' lang='grc' dir='ltr'><strong><em>οὖν</em></strong></span> <span class='ocrx_word' id='word_1_246' title='bbox 1047 2863 1276 2937; x_wconf 67' lang='grc' dir='ltr'><strong><em>εὶληφεν</em></strong></span> <span class='ocrx_word' id='word_1_247' title='bbox 1313 2864 1494 2938; x_wconf 72' lang='grc' dir='ltr'><strong><em>ἀρχὴν</em></strong></span> <span class='ocrx_word' id='word_1_248' title='bbox 1528 2867 1817 2940; x_wconf 81' lang='grc' dir='ltr'><strong><em>βασιλείας</em></strong></span> <span class='ocrx_word' id='word_1_249' title='bbox 1852 2867 1967 2938; x_wconf 87' lang='grc' dir='ltr'><strong><em>πρὸ</em></strong></span> <span class='ocrx_word' id='word_1_250' title='bbox 1991 2865 2134 2924; x_wconf 80' lang='grc' dir='ltr'><strong><em>ἐτῶν</em></strong></span> <span class='ocrx_word' id='word_1_251' title='bbox 2170 2863 2321 2924; x_wconf 80' lang='grc' dir='ltr'><strong><em>ὅλων</em></strong></span> <span class='ocrx_word' id='word_1_252' title='bbox 2358 2868 2425 2924; x_wconf 83' lang='grc' dir='ltr'><strong><em>οἰ·</em></strong></span> <span class='ocrx_word' id='word_1_253' title='bbox 2458 2869 2737 2925; x_wconf 88' lang='grc' dir='ltr'><strong><em>πλειόνων</em></strong></span> <span class='ocrx_word' id='word_1_254' title='bbox 2774 2868 2807 2938; x_wconf 82' lang='grc' dir='ltr'><em>ἢ</em></span> <span class='ocrx_word' id='word_1_255' title='bbox 2842 2889 3037 2942; x_wconf 81' lang='grc' dir='ltr'><strong><em>τετρα·</em></strong></span> 
     </span>
     <span class='ocr_line' id='line_1_25' title="bbox 423 2943 3039 3026; baseline 0.002 -19"><span class='ocrx_word' id='word_1_256' title='bbox 423 2952 664 3018; x_wconf 88' lang='grc' dir='ltr'><strong><em>κοσίων,</em></strong></span> <span class='ocrx_word' id='word_1_257' title='bbox 710 2949 872 3008; x_wconf 68' lang='grc' dir='ltr'><strong><em>οὐδὲν</em></strong></span> <span class='ocrx_word' id='word_1_258' title='bbox 907 2949 1261 3023; x_wconf 81' lang='grc' dir='ltr'><strong><em>παράδοξον,</em></strong></span> <span class='ocrx_word' id='word_1_259' title='bbox 1298 2949 1352 3008; x_wconf 80' lang='grc' dir='ltr'><strong><em>εἰ</em></strong></span> <span class='ocrx_word' id='word_1_260' title='bbox 1383 2951 1484 3007; x_wconf 85' lang='grc' dir='ltr'><strong><em>τὸν</em></strong></span> <span class='ocrx_word' id='word_1_261' title='bbox 1529 2950 1644 3022; x_wconf 83' lang='grc' dir='ltr'><strong><em>πρὸ</em></strong></span> <span class='ocrx_word' id='word_1_262' title='bbox 1689 2943 1871 3016; x_wconf 70' lang='grc' dir='ltr'><strong><em>οὕτως</em></strong></span> <span class='ocrx_word' id='word_1_263' title='bbox 1906 2949 2101 3022; x_wconf 82' lang='grc' dir='ltr'><strong><em>ὀλίγου</em></strong></span> <span class='ocrx_word' id='word_1_264' title='bbox 2132 2953 2347 3024; x_wconf 86' lang='grc' dir='ltr'><strong><em>χρόνου</em></strong></span> <span class='ocrx_word' id='word_1_265' title='bbox 2382 2959 2480 3021; x_wconf 82' lang='grc' dir='ltr'><strong><em>τῆς</em></strong></span> <span class='ocrx_word' id='word_1_266' title='bbox 2512 2955 2802 3026; x_wconf 85' lang='grc' dir='ltr'><strong><em>βασιλείας</em></strong></span> <span class='ocrx_word' id='word_1_267' title='bbox 2834 2955 3039 3026; x_wconf 78' lang='grc' dir='ltr'><strong><em>ταύτης</em></strong></span> 
     </span>
    </p>

    <p class='ocr_par' dir='ltr' id='par_1_8' title="bbox 313 3031 3038 3192">
     <span class='ocr_line' id='line_1_26' title="bbox 313 3031 3038 3112; baseline 0.001 -20"><span class='ocrx_word' id='word_1_268' title='bbox 313 3038 390 3092; x_wconf 85' lang='grc'><strong><em>25</em></strong></span> <span class='ocrx_word' id='word_1_269' title='bbox 425 3037 667 3106; x_wconf 80' lang='grc' dir='ltr'><strong><em>τυχόντα</em></strong></span> <span class='ocrx_word' id='word_1_270' title='bbox 703 3034 736 3090; x_wconf 84' lang='grc' dir='ltr'>ὁ</span> <span class='ocrx_word' id='word_1_271' title='bbox 774 3033 1096 3102; x_wconf 84' lang='grc' dir='ltr'><strong><em>ἀπόστολός</em></strong></span> <span class='ocrx_word' id='word_1_272' title='bbox 1130 3053 1300 3106; x_wconf 88' lang='grc' dir='ltr'><strong><em>φησιν</em></strong></span> <span class='ocrx_word' id='word_1_273' title='bbox 1335 3031 1698 3108; x_wconf 82' lang='grc' dir='ltr'><strong><em>παραδώσειν</em></strong></span> <span class='ocrx_word' id='word_1_274' title='bbox 1733 3038 1834 3104; x_wconf 72' lang='grc' dir='ltr'><strong><em>τὴν</em></strong></span> <span class='ocrx_word' id='word_1_275' title='bbox 1870 3039 2177 3108; x_wconf 86' lang='grc' dir='ltr'><strong><em>βασιλείαν,</em></strong></span> <span class='ocrx_word' id='word_1_276' title='bbox 2213 3038 2471 3106; x_wconf 84' lang='grc' dir='ltr'><strong><em>δηλονότι</em></strong></span> <span class='ocrx_word' id='word_1_277' title='bbox 2504 3045 2586 3111; x_wconf 77' lang='grc' dir='ltr'><strong><em>τῷ</em></strong></span> <span class='ocrx_word' id='word_1_278' title='bbox 2610 3043 2731 3112; x_wconf 71' lang='grc' dir='ltr'><strong><em>θεῷ</em></strong></span> <span class='ocrx_word' id='word_1_279' title='bbox 2752 3047 2833 3112; x_wconf 76' lang='grc' dir='ltr'><strong><em>τῷ</em></strong></span> <span class='ocrx_word' id='word_1_280' title='bbox 2866 3057 3038 3095; x_wconf 85' lang='grc' dir='ltr'><strong><em>κατα·-</em></strong></span> 
     </span>
     <span class='ocr_line' id='line_1_27' title="bbox 425 3115 1841 3192; baseline -0.002 -15"><span class='ocrx_word' id='word_1_281' title='bbox 425 3124 693 3190; x_wconf 79' lang='grc' dir='ltr'><strong><em>στὴσαντι</em></strong></span> <span class='ocrx_word' id='word_1_282' title='bbox 728 3119 916 3188; x_wconf 67' lang='grc' dir='ltr'><strong><em>αὐτόν,</em></strong></span> <span class='ocrx_word' id='word_1_283' title='bbox 953 3115 1036 3186; x_wconf 78' lang='grc' dir='ltr'><strong><em>ὼς</em></strong></span> <span class='ocrx_word' id='word_1_284' title='bbox 1072 3121 1104 3190; x_wconf 81' lang='grc' dir='ltr'><em>ὴ</em></span> <span class='ocrx_word' id='word_1_285' title='bbox 1141 3123 1332 3191; x_wconf 84' lang='grc' dir='ltr'><strong><em>γραφή</em></strong></span> <span class='ocrx_word' id='word_1_286' title='bbox 1371 3137 1554 3190; x_wconf 84' lang='grc' dir='ltr'><strong><em>φησιν,</em></strong></span> <span class='ocrx_word' id='word_1_287' title='bbox 1591 3119 1841 3192; x_wconf 83' lang='grc' dir='ltr'><strong><em>βασιλέα.</em></strong></span> 
     </span>
    </p>
   </div>
   <div class='ocr_carea' id='block_1_7' title="bbox 313 3285 3044 3782">
    <p class='ocr_par' dir='ltr' id='par_1_9' title="bbox 425 3285 3043 3530">
     <span class='ocr_line' id='line_1_28' title="bbox 593 3285 3041 3363; baseline 0.002 -23"><span class='ocrx_word' id='word_1_288' title='bbox 593 3286 689 3341; x_wconf 87' lang='lat' dir='ltr'><strong><em>Nr.</em></strong></span> <span class='ocrx_word' id='word_1_289' title='bbox 726 3289 828 3344; x_wconf 85' lang='lat'><strong><em>116</em></strong></span> <span class='ocrx_word' id='word_1_290' title='bbox 865 3288 964 3357; x_wconf 83' lang='lat' dir='ltr'><strong><em>(Re</em></strong></span> <span class='ocrx_word' id='word_1_291' title='bbox 1000 3289 1118 3356; x_wconf 83' lang='lat'>103)</span> <span class='ocrx_word' id='word_1_292' title='bbox 1173 3287 1378 3344; x_wconf 73' lang='grc' dir='ltr'><strong><em>οὐκοῦν</em></strong></span> <span class='ocrx_word' id='word_1_293' title='bbox 1431 3285 1687 3362; x_wconf 78' lang='grc' dir='ltr'><strong><em>ἐνεργείᾳ</em></strong></span> <span class='ocrx_word' id='word_1_294' title='bbox 1732 3287 1884 3356; x_wconf 72' lang='grc' dir='ltr'><strong><em>μόνῃ</em></strong></span> <span class='ocrx_word' id='word_1_295' title='bbox 1927 3285 2017 3342; x_wconf 83' lang='grc' dir='ltr'><strong><em>διὰ</em></strong></span> <span class='ocrx_word' id='word_1_296' title='bbox 2062 3291 2161 3356; x_wconf 69' lang='grc' dir='ltr'><strong><em>τὴν</em></strong></span> <span class='ocrx_word' id='word_1_297' title='bbox 2196 3295 2293 3355; x_wconf 75' lang='grc' dir='ltr'><strong><em>τῆς</em></strong></span> <span class='ocrx_word' id='word_1_298' title='bbox 2338 3289 2549 3358; x_wconf 81' lang='grc' dir='ltr'><strong><em>σαρκὸς</em></strong></span> <span class='ocrx_word' id='word_1_299' title='bbox 2582 3289 2873 3362; x_wconf 85' lang='grc' dir='ltr'><strong><em>πρόφασιν</em></strong></span> <span class='ocrx_word' id='word_1_300' title='bbox 2908 3285 3041 3363; x_wconf 75' lang='grc' dir='ltr'><strong><em>ἄχρι</em></strong></span> 
     </span>
     <span class='ocr_line' id='line_1_29' title="bbox 425 3363 3043 3445; baseline 0.001 -18"><span class='ocrx_word' id='word_1_301' title='bbox 425 3371 702 3428; x_wconf 75' lang='grc' dir='ltr'><strong><em>τοσούτου</em></strong></span> <span class='ocrx_word' id='word_1_302' title='bbox 751 3373 1103 3443; x_wconf 76' lang='grc' dir='ltr'><strong><em>κεχωρίσθαι</em></strong></span> <span class='ocrx_word' id='word_1_303' title='bbox 1152 3381 1258 3428; x_wconf 82' lang='grc' dir='ltr'><strong><em>τοῦ</em></strong></span> <span class='ocrx_word' id='word_1_304' title='bbox 1309 3371 1526 3444; x_wconf 89' lang='grc' dir='ltr'><strong><em>πατρὸς</em></strong></span> <span class='ocrx_word' id='word_1_305' title='bbox 1579 3372 1864 3440; x_wconf 85' lang='grc' dir='ltr'><strong><em>φαίνεται,</em></strong></span> <span class='ocrx_word' id='word_1_306' title='bbox 1919 3365 2053 3440; x_wconf 81' lang='grc' dir='ltr'><strong><em>ἄχρι</em></strong></span> <span class='ocrx_word' id='word_1_307' title='bbox 2099 3363 2167 3426; x_wconf 73' lang='grc' dir='ltr'><strong><em>οὗ</em></strong></span> <span class='ocrx_word' id='word_1_308' title='bbox 2202 3367 2273 3427; x_wconf 82' lang='grc' dir='ltr'><strong><em>ἂν</em></strong></span> <span class='ocrx_word' id='word_1_309' title='bbox 2311 3371 2343 3426; x_wconf 83' lang='grc' dir='ltr'><strong><em>ό</em></strong></span> <span class='ocrx_word' id='word_1_310' title='bbox 2380 3369 2639 3442; x_wconf 90' lang='grc' dir='ltr'><strong><em>προσιὼν</em></strong></span> <span class='ocrx_word' id='word_1_311' title='bbox 2673 3379 2772 3440; x_wconf 80' lang='grc' dir='ltr'><strong><em>τῆς</em></strong></span> <span class='ocrx_word' id='word_1_312' title='bbox 2803 3375 3043 3445; x_wconf 81' lang='grc' dir='ltr'><strong><em>κρίσεως</em></strong></span> 
     </span>
     <span class='ocr_line' id='line_1_30' title="bbox 427 3451 3039 3530; baseline 0 -18"><span class='ocrx_word' id='word_1_313' title='bbox 427 3454 696 3526; x_wconf 76' lang='grc' dir='ltr'><strong><em>ἀναφανῇ</em></strong></span> <span class='ocrx_word' id='word_1_314' title='bbox 748 3456 971 3528; x_wconf 88' lang='grc' dir='ltr'><strong><em>καιρός,</em></strong></span> <span class='ocrx_word' id='word_1_315' title='bbox 1019 3451 1118 3513; x_wconf 76' lang='grc' dir='ltr'><strong><em>ἵνα</em></strong></span> <span class='ocrx_word' id='word_1_316' title='bbox 1161 3463 1276 3512; x_wconf 85' lang='grc' dir='ltr'><strong><em>τῶν</em></strong></span> <span class='ocrx_word' id='word_1_317' title='bbox 1317 3464 1622 3523; x_wconf 83' lang='grc' dir='ltr'><strong><em>τηνικαῦτα</em></strong></span> <span class='ocrx_word' id='word_1_318' title='bbox 1659 3451 2119 3523; x_wconf 78' lang='grc' dir='ltr'><strong><em>ἐκκεντησάντων</em></strong></span> <span class='ocrx_word' id='word_1_319' title='bbox 2154 3455 2301 3512; x_wconf 82' lang='grc' dir='ltr'><strong><em>κατὰ</em></strong></span> <span class='ocrx_word' id='word_1_320' title='bbox 2336 3460 2437 3524; x_wconf 71' lang='grc' dir='ltr'><strong><em>τὴν</em></strong></span> <span class='ocrx_word' id='word_1_321' title='bbox 2474 3458 2827 3527; x_wconf 86' lang='grc' dir='ltr'><strong><em>προφητείαν</em></strong></span> <span class='ocrx_word' id='word_1_322' title='bbox 2862 3452 3039 3530; x_wconf 78' lang='grc' dir='ltr'><strong><em>ἑωρα-</em></strong></span> 
     </span>
    </p>

    <p class='ocr_par' dir='ltr' id='par_1_10' title="bbox 313 3534 3044 3782">
     <span class='ocr_line' id='line_1_31' title="bbox 313 3534 3041 3612; baseline 0 -16"><span class='ocrx_word' id='word_1_323' title='bbox 313 3541 392 3596; x_wconf 84' lang='grc'><strong>30</strong></span> <span class='ocrx_word' id='word_1_324' title='bbox 425 3541 612 3596; x_wconf 86' lang='grc' dir='ltr'><strong><em>κότων</em></strong></span> <span class='ocrx_word' id='word_1_325' title='bbox 665 3539 766 3596; x_wconf 84' lang='grc' dir='ltr'><strong><em>τὸν</em></strong></span> <span class='ocrx_word' id='word_1_326' title='bbox 818 3537 1255 3611; x_wconf 74' lang='grc' dir='ltr'><strong><em>ἐκκεντηθὲντα,</em></strong></span> <span class='ocrx_word' id='word_1_327' title='bbox 1309 3534 1458 3596; x_wconf 66' lang='grc' dir='ltr'><strong><em>οὕτω</em></strong></span> <span class='ocrx_word' id='word_1_328' title='bbox 1508 3542 1606 3595; x_wconf 83' lang='grc' dir='ltr'><strong><em>καὶ</em></strong></span> <span class='ocrx_word' id='word_1_329' title='bbox 1639 3539 1709 3594; x_wconf 84' lang='grc' dir='ltr'><strong><em>τό</em></strong></span> <span class='ocrx_word' id='word_1_330' title='bbox 1743 3541 2087 3609; x_wconf 88' lang='grc' dir='ltr'><strong><em>λειπόμενον</em></strong></span> <span class='ocrx_word' id='word_1_331' title='bbox 2125 3538 2461 3606; x_wconf 70' lang='grc' dir='ltr'><strong><em>ἀκολούθως</em></strong></span> <span class='ocrx_word' id='word_1_332' title='bbox 2496 3539 2739 3612; x_wconf 84' lang='grc' dir='ltr'><strong><em>γένηται.</em></strong></span> <span class='ocrx_word' id='word_1_333' title='bbox 2810 3538 3041 3598; x_wconf 80' lang='grc' dir='ltr'><strong><em>πάντων</em></strong></span> 
     </span>
     <span class='ocr_line' id='line_1_32' title="bbox 427 3619 3044 3700; baseline 0.001 -20"><span class='ocrx_word' id='word_1_334' title='bbox 427 3623 536 3696; x_wconf 86' lang='grc' dir='ltr'><strong><em>γὰρ</em></strong></span> <span class='ocrx_word' id='word_1_335' title='bbox 573 3621 636 3680; x_wconf 77' lang='grc' dir='ltr'><strong><em>ἐν</em></strong></span> <span class='ocrx_word' id='word_1_336' title='bbox 668 3633 750 3698; x_wconf 80' lang='grc' dir='ltr'><strong><em>τῷ</em></strong></span> <span class='ocrx_word' id='word_1_337' title='bbox 772 3633 954 3700; x_wconf 81' lang='grc' dir='ltr'><strong><em>καιρῷ</em></strong></span> <span class='ocrx_word' id='word_1_338' title='bbox 987 3635 1090 3681; x_wconf 79' lang='grc' dir='ltr'><strong><em>τοῦ</em></strong></span> <span class='ocrx_word' id='word_1_339' title='bbox 1111 3624 1308 3690; x_wconf 75' lang='grc' dir='ltr'><strong><em>τέλους</em></strong></span> <span class='ocrx_word' id='word_1_340' title='bbox 1329 3619 1764 3680; x_wconf 71' lang='grc' dir='ltr'><strong><em>ὑποτάσσεσθαι</em></strong></span> <span class='ocrx_word' id='word_1_341' title='bbox 1801 3625 2127 3693; x_wconf 89' lang='grc' dir='ltr'><strong><em>μελλόντων</em></strong></span> <span class='ocrx_word' id='word_1_342' title='bbox 2154 3633 2232 3698; x_wconf 79' lang='grc' dir='ltr'><strong><em>τῷ</em></strong></span> <span class='ocrx_word' id='word_1_343' title='bbox 2258 3625 2501 3698; x_wconf 77' lang='grc' dir='ltr'><strong><em>Χριστῷ,</em></strong></span> <span class='ocrx_word' id='word_1_344' title='bbox 2538 3620 2618 3691; x_wconf 78' lang='grc' dir='ltr'><strong><em>ὼς</em></strong></span> <span class='ocrx_word' id='word_1_345' title='bbox 2653 3623 2685 3679; x_wconf 81' lang='grc' dir='ltr'>ὁ</span> <span class='ocrx_word' id='word_1_346' title='bbox 2722 3621 3044 3692; x_wconf 82' lang='grc' dir='ltr'><strong><em>ἀπόστολος</em></strong></span> 
     </span>
     <span class='ocr_line' id='line_1_33' title="bbox 427 3703 3041 3782; baseline 0.001 -18"><span class='ocrx_word' id='word_1_347' title='bbox 427 3703 560 3778; x_wconf 77' lang='grc' dir='ltr'><strong><em>ἔφη,</em></strong></span> <span class='ocrx_word' id='word_1_348' title='bbox 605 3718 910 3782; x_wconf 83' lang='grc' dir='ltr'><strong><em>τηνικαῦτα</em></strong></span> <span class='ocrx_word' id='word_1_349' title='bbox 963 3708 1162 3774; x_wconf 72' lang='grc' dir='ltr'><strong><em>»αὐτὸς</em></strong></span> <span class='ocrx_word' id='word_1_350' title='bbox 1197 3703 1617 3780; x_wconf 77' lang='grc' dir='ltr'><strong><em>ὑποταγήσεται</em></strong></span> <span class='ocrx_word' id='word_1_351' title='bbox 1661 3715 1742 3782; x_wconf 80' lang='grc' dir='ltr'><strong><em>τῷ</em></strong></span> <span class='ocrx_word' id='word_1_352' title='bbox 1777 3704 2126 3776; x_wconf 80' lang='grc' dir='ltr'><strong><em>ὑποτάξαντι</em></strong></span> <span class='ocrx_word' id='word_1_353' title='bbox 2160 3709 2313 3780; x_wconf 76' lang='grc' dir='ltr'><strong><em>αι’τῷ</em></strong></span> <span class='ocrx_word' id='word_1_354' title='bbox 2348 3707 2419 3766; x_wconf 83' lang='grc' dir='ltr'><strong><em>τὰ</em></strong></span> <span class='ocrx_word' id='word_1_355' title='bbox 2456 3709 2695 3766; x_wconf 68' lang='grc' dir='ltr'><strong><em>πάνταε.</em></strong></span> <span class='ocrx_word' id='word_1_356' title='bbox 2763 3712 2818 3766; x_wconf 88' lang='grc' dir='ltr'><strong><em>τί</em></strong></span> <span class='ocrx_word' id='word_1_357' title='bbox 2850 3712 3041 3766; x_wconf 89' lang='grc' dir='ltr'><strong><em>τοίνυν</em></strong></span> 
     </span>
    </p>
   </div>
   <div class='ocr_carea' id='block_1_8' title="bbox 427 3877 3045 4152">
    <p class='ocr_par' dir='ltr' id='par_1_11' title="bbox 427 3877 3045 4152">
     <span class='ocr_line' id='line_1_34' title="bbox 601 3877 3044 3950; baseline -0.001 -18"><span class='ocrx_word' id='word_1_358' title='bbox 601 3877 764 3934; x_wconf 73' lang='lat'><strong><em>5—2&#39;</em></strong></span> <span class='ocrx_word' id='word_1_359' title='bbox 793 3879 874 3939; x_wconf 86' lang='lat'><strong><em>51,</em></strong></span> <span class='ocrx_word' id='word_1_360' title='bbox 911 3879 1129 3930; x_wconf 78' lang='lat'><em>36—38</em></span> <span class='ocrx_word' id='word_1_361' title='bbox 1173 3907 1240 3916; x_wconf 90' lang='lat'><strong>—</strong></span> <span class='ocrx_word' id='word_1_362' title='bbox 1295 3879 1504 3932; x_wconf 81' lang='lat'>8—-13</span> <span class='ocrx_word' id='word_1_363' title='bbox 1554 3878 1640 3944; x_wconf 67' lang='grc'><strong><em>52,</em></strong></span> <span class='ocrx_word' id='word_1_364' title='bbox 1677 3877 1903 3940; x_wconf 73' lang='lat'>12—18;</span> <span class='ocrx_word' id='word_1_365' title='bbox 1968 3880 2185 3933; x_wconf 80' lang='lat'>8—10</span> <span class='ocrx_word' id='word_1_366' title='bbox 2239 3881 2481 3950; x_wconf 74' lang='grc' dir='ltr'><strong><em>(καταργ</em></strong></span> <span class='ocrx_word' id='word_1_367' title='bbox 2518 3879 2621 3936; x_wconf 72' lang='grc' dir='ltr'><strong><em>σει)</em></strong></span> <span class='ocrx_word' id='word_1_368' title='bbox 2658 3879 2749 3944; x_wconf 81' lang='lat'><strong><em>52,</em></strong></span> <span class='ocrx_word' id='word_1_369' title='bbox 2785 3880 2929 3930; x_wconf 83' lang='lat'><strong><em>2—5</em></strong></span> <span class='ocrx_word' id='word_1_370' title='bbox 2978 3905 3044 3918; x_wconf 88' lang='grc'><strong>-</strong></span> 
     </span>
     <span class='ocr_line' id='line_1_35' title="bbox 428 3941 3043 4028; baseline 0 -29"><span class='ocrx_word' id='word_1_371' title='bbox 428 3947 682 4000; x_wconf 77' lang='lat'>14—16</span> <span class='ocrx_word' id='word_1_372' title='bbox 715 3947 803 4010; x_wconf 83' lang='lat'><strong><em>52,</em></strong></span> <span class='ocrx_word' id='word_1_373' title='bbox 838 3945 1074 3998; x_wconf 76' lang='lat'>20-22,</span> <span class='ocrx_word' id='word_1_374' title='bbox 1135 3946 1250 4002; x_wconf 81' lang='lat'><strong><em>177.</em></strong></span> <span class='ocrx_word' id='word_1_375' title='bbox 1285 3946 1490 3998; x_wconf 74' lang='lat'>10—12</span> <span class='ocrx_word' id='word_1_376' title='bbox 1526 3973 1594 3984; x_wconf 94' lang='lat'>—</span> <span class='ocrx_word' id='word_1_377' title='bbox 1645 3945 1901 4000; x_wconf 71' lang='lat'>17—26</span> <span class='ocrx_word' id='word_1_378' title='bbox 1935 3947 2022 4012; x_wconf 75' lang='grc'><strong><em>52,</em></strong></span> <span class='ocrx_word' id='word_1_379' title='bbox 2048 3947 2281 4011; x_wconf 75' lang='grc'><strong><em>24-53,</em></strong></span> <span class='ocrx_word' id='word_1_380' title='bbox 2317 3949 2381 4008; x_wconf 76' lang='lat'><strong><em>23</em></strong></span> <span class='ocrx_word' id='word_1_381' title='bbox 2433 3948 2475 4000; x_wconf 89' lang='lat'>1</span> <span class='ocrx_word' id='word_1_382' title='bbox 2522 3947 2681 4000; x_wconf 82' lang='lat'><strong><em>-19</em></strong></span> <span class='ocrx_word' id='word_1_383' title='bbox 2716 3941 3043 4028; x_wconf 60' lang='grc' dir='ltr'><strong><em>(χρώμενοι)</em></strong></span> 
     </span>
     <span class='ocr_line' id='line_1_36' title="bbox 428 4011 3045 4084; baseline 0.001 -21"><span class='ocrx_word' id='word_1_384' title='bbox 428 4013 541 4074; x_wconf 81' lang='grc'><strong><em>177,</em></strong></span> <span class='ocrx_word' id='word_1_385' title='bbox 581 4012 802 4076; x_wconf 76' lang='lat'>14-163</span> <span class='ocrx_word' id='word_1_386' title='bbox 857 4014 944 4068; x_wconf 78' lang='lat'><strong><em>21</em></strong></span> <span class='ocrx_word' id='word_1_387' title='bbox 977 4013 1116 4080; x_wconf 79' lang='grc' dir='ltr'><strong><em>(καὶ)</em></strong></span> <span class='ocrx_word' id='word_1_388' title='bbox 1170 4043 1237 4053; x_wconf 94' lang='grc'>-</span> <span class='ocrx_word' id='word_1_389' title='bbox 1292 4013 1389 4068; x_wconf 76' lang='grc'><strong>26</strong></span> <span class='ocrx_word' id='word_1_390' title='bbox 1425 4013 1584 4084; x_wconf 75' lang='grc' dir='ltr'><strong><em>(θεῷ)</em></strong></span> <span class='ocrx_word' id='word_1_391' title='bbox 1629 4013 1743 4074; x_wconf 75' lang='grc'><strong><em>177,</em></strong></span> <span class='ocrx_word' id='word_1_392' title='bbox 1783 4013 1993 4065; x_wconf 74' lang='grc'><strong>18-23</strong></span> <span class='ocrx_word' id='word_1_393' title='bbox 2034 4043 2101 4051; x_wconf 88' lang='grc'>-</span> <span class='ocrx_word' id='word_1_394' title='bbox 2156 4011 2371 4070; x_wconf 62' lang='lat' dir='ltr'><strong><em>&gt;ev—S.</em></strong></span> <span class='ocrx_word' id='word_1_395' title='bbox 2412 4015 2581 4084; x_wconf 74' lang='lat'><strong><em>210,</em></strong></span> <span class='ocrx_word' id='word_1_396' title='bbox 2619 4014 2667 4068; x_wconf 78' lang='grc' dir='ltr'><strong><em>ὅ</em></strong></span> <span class='ocrx_word' id='word_1_397' title='bbox 2717 4015 2810 4080; x_wconf 80' lang='lat'><strong><em>03,</em></strong></span> <span class='ocrx_word' id='word_1_398' title='bbox 2854 4014 3045 4077; x_wconf 75' lang='lat'>4-163</span> 
     </span>
     <span class='ocr_line' id='line_1_37' title="bbox 427 4081 1532 4152; baseline -0.002 -18"><span class='ocrx_word' id='word_1_399' title='bbox 427 4081 526 4136; x_wconf 78' lang='lat'><strong><em>32</em></strong></span> <span class='ocrx_word' id='word_1_400' title='bbox 561 4081 658 4149; x_wconf 88' lang='grc' dir='ltr'><strong><em>(τί)</em></strong></span> <span class='ocrx_word' id='word_1_401' title='bbox 691 4111 758 4119; x_wconf 89' lang='grc'><strong>-</strong></span> <span class='ocrx_word' id='word_1_402' title='bbox 795 4081 843 4134; x_wconf 73' lang='grc' dir='ltr'><strong><em>οἳ</em></strong></span> <span class='ocrx_word' id='word_1_403' title='bbox 878 4085 1123 4152; x_wconf 82' lang='grc' dir='ltr'><strong><em>(καιροῦ)</em></strong></span> <span class='ocrx_word' id='word_1_404' title='bbox 1161 4082 1272 4146; x_wconf 82' lang='grc'><strong><em>177,</em></strong></span> <span class='ocrx_word' id='word_1_405' title='bbox 1310 4081 1532 4132; x_wconf 73' lang='grc'><strong><em>,25-29</em></strong></span> 
     </span>
    </p>
   </div>
   <div class='ocr_carea' id='block_1_9' title="bbox 431 4214 3047 4422">
    <p class='ocr_par' dir='ltr' id='par_1_12' title="bbox 431 4214 3047 4422">
     <span class='ocr_line' id='line_1_38' title="bbox 601 4214 3046 4283; baseline 0 -13"><span class='ocrx_word' id='word_1_406' title='bbox 601 4216 640 4270; x_wconf 76' lang='grc'><strong>8</strong></span> <span class='ocrx_word' id='word_1_407' title='bbox 676 4215 762 4269; x_wconf 74' lang='lat' dir='ltr'><strong><em>Pa.</em></strong></span> <span class='ocrx_word' id='word_1_408' title='bbox 797 4217 882 4282; x_wconf 88' lang='grc'><strong><em>96,</em></strong></span> <span class='ocrx_word' id='word_1_409' title='bbox 919 4217 948 4269; x_wconf 97' lang='grc'><strong><em>1</em></strong></span> <span class='ocrx_word' id='word_1_410' title='bbox 1003 4245 1072 4254; x_wconf 92' lang='grc'><strong>-</strong></span> <span class='ocrx_word' id='word_1_411' title='bbox 1126 4216 1163 4271; x_wconf 83' lang='grc'><strong>6</strong></span> <span class='ocrx_word' id='word_1_412' title='bbox 1199 4215 1286 4270; x_wconf 67' lang='lat' dir='ltr'><strong><em>Pe.</em></strong></span> <span class='ocrx_word' id='word_1_413' title='bbox 1323 4217 1372 4283; x_wconf 96' lang='grc'><strong><em>2,</em></strong></span> <span class='ocrx_word' id='word_1_414' title='bbox 1407 4219 1440 4270; x_wconf 84' lang='grc'>6</span> <span class='ocrx_word' id='word_1_415' title='bbox 1493 4245 1559 4254; x_wconf 96' lang='grc'>-</span> <span class='ocrx_word' id='word_1_416' title='bbox 1616 4214 1926 4269; x_wconf 79' lang='grc' dir='ltr'><strong><em>101Κοτ.</em></strong></span> <span class='ocrx_word' id='word_1_417' title='bbox 1966 4219 2044 4280; x_wconf 85' lang='lat'><strong><em>15,</em></strong></span> <span class='ocrx_word' id='word_1_418' title='bbox 2082 4216 2150 4270; x_wconf 82' lang='lat'><strong><em>24</em></strong></span> <span class='ocrx_word' id='word_1_419' title='bbox 2208 4246 2274 4254; x_wconf 92' lang='lat'>—</span> <span class='ocrx_word' id='word_1_420' title='bbox 2328 4217 2352 4269; x_wconf 92' lang='lat'>1</span> <span class='ocrx_word' id='word_1_421' title='bbox 2388 4217 2516 4272; x_wconf 86' lang='lat' dir='ltr'>Kor.</span> <span class='ocrx_word' id='word_1_422' title='bbox 2554 4219 2636 4278; x_wconf 88' lang='lat'><strong><em>15,</em></strong></span> <span class='ocrx_word' id='word_1_423' title='bbox 2672 4217 2739 4271; x_wconf 84' lang='lat'><strong><em>25</em></strong></span> <span class='ocrx_word' id='word_1_424' title='bbox 2790 4245 2857 4255; x_wconf 91' lang='lat'>—</span> <span class='ocrx_word' id='word_1_425' title='bbox 2914 4215 3046 4271; x_wconf 75' lang='lat'><strong><em>14¹1</em></strong></span> 
     </span>
     <span class='ocr_line' id='line_1_39' title="bbox 431 4281 3044 4350; baseline 0.002 -17"><span class='ocrx_word' id='word_1_426' title='bbox 431 4281 456 4333; x_wconf 90' lang='lat'>1</span> <span class='ocrx_word' id='word_1_427' title='bbox 479 4283 610 4336; x_wconf 84' lang='lat' dir='ltr'><strong>Kor.</strong></span> <span class='ocrx_word' id='word_1_428' title='bbox 635 4285 717 4350; x_wconf 87' lang='lat'><strong><em>15,</em></strong></span> <span class='ocrx_word' id='word_1_429' title='bbox 741 4283 807 4338; x_wconf 88' lang='grc'><strong><em>25</em></strong></span> <span class='ocrx_word' id='word_1_430' title='bbox 832 4313 898 4322; x_wconf 89' lang='grc'><strong>-</strong></span> <span class='ocrx_word' id='word_1_431' title='bbox 927 4283 998 4338; x_wconf 83' lang='grc'><strong><em>17</em></strong></span> <span class='ocrx_word' id='word_1_432' title='bbox 1038 4283 1149 4349; x_wconf 63' lang='lat' dir='ltr'><strong><em>val.</em></strong></span> <span class='ocrx_word' id='word_1_433' title='bbox 1175 4283 1266 4339; x_wconf 80' lang='lat' dir='ltr'><strong><em>Nr.</em></strong></span> <span class='ocrx_word' id='word_1_434' title='bbox 1294 4284 1394 4337; x_wconf 88' lang='grc'><strong><em>112</em></strong></span> <span class='ocrx_word' id='word_1_435' title='bbox 1415 4311 1482 4322; x_wconf 92' lang='lat'><strong><em>—-</em></strong></span> <span class='ocrx_word' id='word_1_436' title='bbox 1511 4283 1588 4338; x_wconf 73' lang='lat'><strong><em>19</em></strong></span> <span class='ocrx_word' id='word_1_437' title='bbox 1624 4282 1710 4336; x_wconf 68' lang='lat' dir='ltr'><strong><em>Pu.</em></strong></span> <span class='ocrx_word' id='word_1_438' title='bbox 1735 4283 1784 4346; x_wconf 87' lang='grc'><strong><em>2,</em></strong></span> <span class='ocrx_word' id='word_1_439' title='bbox 1809 4283 1842 4336; x_wconf 87' lang='grc'>6</span> <span class='ocrx_word' id='word_1_440' title='bbox 1866 4311 1933 4321; x_wconf 93' lang='grc'>-</span> <span class='ocrx_word' id='word_1_441' title='bbox 1958 4281 2039 4338; x_wconf 91' lang='grc'><strong><em>20</em></strong></span> <span class='ocrx_word' id='word_1_442' title='bbox 2074 4282 2161 4336; x_wconf 86' lang='lat' dir='ltr'><strong><em>Ps.</em></strong></span> <span class='ocrx_word' id='word_1_443' title='bbox 2185 4283 2268 4346; x_wconf 78' lang='lat'><strong><em>98,</em></strong></span> <span class='ocrx_word' id='word_1_444' title='bbox 2296 4288 2324 4338; x_wconf 94' lang='lat'>1</span> <span class='ocrx_word' id='word_1_445' title='bbox 2360 4313 2428 4324; x_wconf 89' lang='lat'>—</span> <span class='ocrx_word' id='word_1_446' title='bbox 2464 4285 2538 4340; x_wconf 89' lang='grc'><strong><em>21</em></strong></span> <span class='ocrx_word' id='word_1_447' title='bbox 2580 4283 2665 4338; x_wconf 79' lang='lat' dir='ltr'><strong><em>Ps.</em></strong></span> <span class='ocrx_word' id='word_1_448' title='bbox 2690 4285 2772 4348; x_wconf 89' lang='grc'><strong><em>96,</em></strong></span> <span class='ocrx_word' id='word_1_449' title='bbox 2800 4287 2827 4337; x_wconf 95' lang='grc'><strong><em>1</em></strong></span> <span class='ocrx_word' id='word_1_450' title='bbox 2864 4313 2931 4324; x_wconf 92' lang='lat'>—</span> <span class='ocrx_word' id='word_1_451' title='bbox 2967 4284 3044 4338; x_wconf 78' lang='lat'><strong><em>25</em></strong></span> 
     </span>
     <span class='ocr_line' id='line_1_40' title="bbox 431 4349 3047 4422; baseline 0.002 -20"><span class='ocrx_word' id='word_1_452' title='bbox 431 4349 612 4418; x_wconf 75' lang='lat' dir='ltr'><strong>IKQr.</strong></span> <span class='ocrx_word' id='word_1_453' title='bbox 636 4353 718 4418; x_wconf 84' lang='lat'><strong><em>15,</em></strong></span> <span class='ocrx_word' id='word_1_454' title='bbox 743 4351 812 4406; x_wconf 87' lang='lat'><strong><em>24</em></strong></span> <span class='ocrx_word' id='word_1_455' title='bbox 843 4379 912 4390; x_wconf 93' lang='lat'><strong><em>—-</em></strong></span> <span class='ocrx_word' id='word_1_456' title='bbox 949 4352 1028 4407; x_wconf 82' lang='grc'><strong><em>20</em></strong></span> <span class='ocrx_word' id='word_1_457' title='bbox 1061 4349 1149 4404; x_wconf 77' lang='lat' dir='ltr'><strong><em>Ps.</em></strong></span> <span class='ocrx_word' id='word_1_458' title='bbox 1175 4353 1224 4414; x_wconf 88' lang='grc'><strong><em>2,</em></strong></span> <span class='ocrx_word' id='word_1_459' title='bbox 1247 4353 1282 4406; x_wconf 84' lang='grc'><strong>6</strong></span> <span class='ocrx_word' id='word_1_460' title='bbox 1315 4381 1382 4389; x_wconf 89' lang='grc'><strong>-</strong></span> <span class='ocrx_word' id='word_1_461' title='bbox 1419 4349 1500 4405; x_wconf 76' lang='lat'><strong><em>8⁰</em></strong></span> <span class='ocrx_word' id='word_1_462' title='bbox 1533 4349 1656 4404; x_wconf 80' lang='lat' dir='ltr'>Joh.</span> <span class='ocrx_word' id='word_1_463' title='bbox 1683 4351 1764 4414; x_wconf 88' lang='lat'><strong><em>19,</em></strong></span> <span class='ocrx_word' id='word_1_464' title='bbox 1797 4349 1863 4403; x_wconf 77' lang='lat'><strong><em>37</em></strong></span> <span class='ocrx_word' id='word_1_465' title='bbox 1901 4349 2081 4418; x_wconf 70' lang='lat' dir='ltr'>(Zaoh.</span> <span class='ocrx_word' id='word_1_466' title='bbox 2121 4352 2199 4413; x_wconf 86' lang='grc'><strong><em>12,</em></strong></span> <span class='ocrx_word' id='word_1_467' title='bbox 2239 4352 2323 4422; x_wconf 90' lang='grc'><strong><em>10)</em></strong></span> <span class='ocrx_word' id='word_1_468' title='bbox 2358 4381 2425 4390; x_wconf 92' lang='lat'><em>-</em></span> <span class='ocrx_word' id='word_1_469' title='bbox 2463 4351 2605 4408; x_wconf 63' lang='lat'><strong><em>808</em></strong></span> <span class='ocrx_word' id='word_1_470' title='bbox 2636 4351 2657 4403; x_wconf 89' lang='lat'>1</span> <span class='ocrx_word' id='word_1_471' title='bbox 2695 4351 2823 4405; x_wconf 85' lang='lat' dir='ltr'><strong>Kor.</strong></span> <span class='ocrx_word' id='word_1_472' title='bbox 2863 4353 2941 4413; x_wconf 83' lang='lat'><strong><em>15,</em></strong></span> <span class='ocrx_word' id='word_1_473' title='bbox 2979 4352 3047 4405; x_wconf 88' lang='grc'><strong>28</strong></span> 
     </span>
    </p>
   </div>
   <div class='ocr_carea' id='block_1_10' title="bbox 425 4482 3047 4757">
    <p class='ocr_par' dir='ltr' id='par_1_13' title="bbox 425 4482 3047 4757">
     <span class='ocr_line' id='line_1_41' title="bbox 599 4482 3047 4558; baseline 0.001 -18"><span class='ocrx_word' id='word_1_474' title='bbox 599 4483 640 4540; x_wconf 73' lang='lat'><em>8</em></span> <span class='ocrx_word' id='word_1_475' title='bbox 690 4491 830 4555; x_wconf 82' lang='grc' dir='ltr'><strong><em>γοῦν</em></strong></span> <span class='ocrx_word' id='word_1_476' title='bbox 865 4505 894 4538; x_wconf 92' lang='lat' dir='ltr'>r</span> <span class='ocrx_word' id='word_1_477' title='bbox 955 4491 966 4548; x_wconf 92' lang='grc' dir='ltr'>Ι</span> <span class='ocrx_word' id='word_1_478' title='bbox 1031 4485 1068 4541; x_wconf 87' lang='grc'>8</span> <span class='ocrx_word' id='word_1_479' title='bbox 1119 4487 1219 4540; x_wconf 79' lang='grc' dir='ltr'><strong><em>καὶ</em></strong></span> <span class='ocrx_word' id='word_1_480' title='bbox 1253 4496 1318 4544; x_wconf 95' lang='grc'>&lt;</span> <span class='ocrx_word' id='word_1_481' title='bbox 1355 4486 1444 4551; x_wconf 75' lang='grc'><strong><em>52,</em></strong></span> <span class='ocrx_word' id='word_1_482' title='bbox 1482 4487 1548 4539; x_wconf 87' lang='grc'><strong><em>12</em></strong></span> <span class='ocrx_word' id='word_1_483' title='bbox 1612 4487 1620 4552; x_wconf 80' lang='grc' dir='ltr'>Ι</span> <span class='ocrx_word' id='word_1_484' title='bbox 1723 4482 2005 4540; x_wconf 82' lang='grc' dir='ltr'><strong><em>ασιλεύσει</em></strong></span> <span class='ocrx_word' id='word_1_485' title='bbox 2041 4485 2117 4537; x_wconf 87' lang='lat' dir='ltr'><strong><em>V²</em></strong></span> <span class='ocrx_word' id='word_1_486' title='bbox 2150 4488 2241 4550; x_wconf 83' lang='lat'><strong><em>52,</em></strong></span> <span class='ocrx_word' id='word_1_487' title='bbox 2279 4487 2345 4540; x_wconf 88' lang='grc'><strong><em>12</em></strong></span> <span class='ocrx_word' id='word_1_488' title='bbox 2394 4486 2713 4558; x_wconf 74' lang='grc' dir='ltr'><strong><em>βασιλεῦειν</em></strong></span> <span class='ocrx_word' id='word_1_489' title='bbox 2748 4488 2825 4540; x_wconf 85' lang='lat' dir='ltr'><strong><em>V*</em></strong></span> <span class='ocrx_word' id='word_1_490' title='bbox 2864 4489 2945 4550; x_wconf 78' lang='grc'><strong><em>52,</em></strong></span> <span class='ocrx_word' id='word_1_491' title='bbox 2980 4491 3047 4543; x_wconf 88' lang='grc'><strong><em>12</em></strong></span> 
     </span>
     <span class='ocr_line' id='line_1_42' title="bbox 425 4548 3046 4674; baseline 0.001 -66"><span class='ocrx_word' id='word_1_492' title='bbox 425 4549 750 4624; x_wconf 82' lang='grc' dir='ltr'><strong><em>βασιλεύειν</em></strong></span> <span class='ocrx_word' id='word_1_493' title='bbox 794 4548 986 4620; x_wconf 57' lang='grc' dir='ltr'><strong><em>ἳνα-ν</em></strong></span> <span class='ocrx_word' id='word_1_494' title='bbox 1021 4554 1103 4618; x_wconf 85' lang='grc'><strong><em>52,</em></strong></span> <span class='ocrx_word' id='word_1_495' title='bbox 1139 4554 1172 4607; x_wconf 89' lang='grc'><strong>2</strong></span> <span class='ocrx_word' id='word_1_496' title='bbox 1253 4555 1262 4621; x_wconf 95' lang='grc' dir='ltr'>Ι</span> <span class='ocrx_word' id='word_1_497' title='bbox 1343 4555 1382 4610; x_wconf 75' lang='grc'>9</span> <span class='ocrx_word' id='word_1_498' title='bbox 1437 4550 1470 4605; x_wconf 84' lang='grc' dir='ltr'>ὁ</span> <span class='ocrx_word' id='word_1_499' title='bbox 1521 4571 1670 4608; x_wconf 87' lang='grc' dir='ltr'><strong><em>κενω</em></strong></span> <span class='ocrx_word' id='word_1_500' title='bbox 1715 4551 1882 4674; x_wconf 55' lang='grc' dir='ltr'><strong><em>εὶιένῖἶ</em></strong></span> <span class='ocrx_word' id='word_1_501' title='bbox 1928 4553 2011 4616; x_wconf 82' lang='grc'><strong><em>52,</em></strong></span> <span class='ocrx_word' id='word_1_502' title='bbox 2039 4555 2071 4608; x_wconf 90' lang='grc'><strong><em>3</em></strong></span> <span class='ocrx_word' id='word_1_503' title='bbox 2153 4555 2161 4620; x_wconf 88' lang='grc' dir='ltr'>Ι</span> <span class='ocrx_word' id='word_1_504' title='bbox 2245 4555 2323 4610; x_wconf 88' lang='grc'><strong><em>10</em></strong></span> <span class='ocrx_word' id='word_1_505' title='bbox 2366 4556 2696 4624; x_wconf 74' lang='grc' dir='ltr'><strong><em>καταργήσῃ</em></strong></span> <span class='ocrx_word' id='word_1_506' title='bbox 2730 4555 2780 4608; x_wconf 84' lang='lat' dir='ltr'><strong>V</strong></span> <span class='ocrx_word' id='word_1_507' title='bbox 2816 4557 2897 4624; x_wconf 89' lang='grc'><strong><em>52,</em></strong></span> <span class='ocrx_word' id='word_1_508' title='bbox 2927 4559 2959 4610; x_wconf 81' lang='grc'><strong><em>5</em></strong></span> <span class='ocrx_word' id='word_1_509' title='bbox 3038 4557 3046 4626; x_wconf 82' lang='lat' dir='ltr'>l</span> 
     </span>
     <span class='ocr_line' id='line_1_43' title="bbox 436 4614 3047 4694; baseline 0.002 -20"><span class='ocrx_word' id='word_1_510' title='bbox 436 4621 511 4675; x_wconf 89' lang='grc'><strong><em>12</em></strong></span> <span class='ocrx_word' id='word_1_511' title='bbox 566 4628 736 4676; x_wconf 84' lang='grc' dir='ltr'><strong><em>τοῦτο</em></strong></span> <span class='ocrx_word' id='word_1_512' title='bbox 773 4639 802 4675; x_wconf 86' lang='grc' dir='ltr'><strong><em>ι·</em></strong></span> <span class='ocrx_word' id='word_1_513' title='bbox 852 4625 921 4677; x_wconf 87' lang='grc' dir='ltr'><strong><em>οὐ</em></strong></span> <span class='ocrx_word' id='word_1_514' title='bbox 963 4619 1030 4676; x_wconf 86' lang='grc' dir='ltr'><strong><em>τὸ</em></strong></span> <span class='ocrx_word' id='word_1_515' title='bbox 1067 4621 1116 4672; x_wconf 90' lang='lat' dir='ltr'><strong>V</strong></span> <span class='ocrx_word' id='word_1_516' title='bbox 1171 4614 1320 4676; x_wconf 69' lang='grc' dir='ltr'><strong><em>οὕτω</em></strong></span> <span class='ocrx_word' id='word_1_517' title='bbox 1355 4632 1439 4673; x_wconf 84' lang='lat' dir='ltr'><strong><em>mr</em></strong></span> <span class='ocrx_word' id='word_1_518' title='bbox 1512 4622 1520 4688; x_wconf 93' lang='grc' dir='ltr'>Ι</span> <span class='ocrx_word' id='word_1_519' title='bbox 1598 4619 1674 4674; x_wconf 80' lang='grc'><strong>15</strong></span> <span class='ocrx_word' id='word_1_520' title='bbox 1726 4638 1770 4687; x_wconf 91' lang='grc' dir='ltr'><strong><em>μ</em></strong></span> <span class='ocrx_word' id='word_1_521' title='bbox 1870 4631 1935 4679; x_wconf 97' lang='grc'>&lt;</span> <span class='ocrx_word' id='word_1_522' title='bbox 1973 4621 2021 4673; x_wconf 82' lang='lat' dir='ltr'>V</span> <span class='ocrx_word' id='word_1_523' title='bbox 2060 4623 2173 4690; x_wconf 75' lang='lat'><strong><em>177,</em></strong></span> <span class='ocrx_word' id='word_1_524' title='bbox 2212 4627 2273 4677; x_wconf 86' lang='lat'><strong><em>11</em></strong></span> <span class='ocrx_word' id='word_1_525' title='bbox 2357 4623 2367 4690; x_wconf 92' lang='grc' dir='ltr'>Ι</span> <span class='ocrx_word' id='word_1_526' title='bbox 2450 4621 2531 4678; x_wconf 78' lang='grc'><strong>28</strong></span> <span class='ocrx_word' id='word_1_527' title='bbox 2566 4621 2599 4691; x_wconf 82' lang='grc' dir='ltr'>ἢ</span> <span class='ocrx_word' id='word_1_528' title='bbox 2634 4621 2775 4682; x_wconf 88' lang='lat' dir='ltr'><strong><em>&lt;V</em></strong></span> <span class='ocrx_word' id='word_1_529' title='bbox 2810 4625 3047 4694; x_wconf 84' lang='grc' dir='ltr'><strong><em>52,32Ι</em></strong></span> 
     </span>
     <span class='ocr_line' id='line_1_44' title="bbox 433 4681 1933 4757; baseline -0.001 -15"><span class='ocrx_word' id='word_1_530' title='bbox 433 4686 514 4742; x_wconf 78' lang='grc'><strong><em>25</em></strong></span> <span class='ocrx_word' id='word_1_531' title='bbox 549 4686 812 4757; x_wconf 85' lang='grc' dir='ltr'><strong><em>δηλονότι</em></strong></span> <span class='ocrx_word' id='word_1_532' title='bbox 847 4699 912 4748; x_wconf 95' lang='grc'>&lt;</span> <span class='ocrx_word' id='word_1_533' title='bbox 950 4691 1065 4752; x_wconf 82' lang='grc'><strong><em>177,</em></strong></span> <span class='ocrx_word' id='word_1_534' title='bbox 1101 4689 1168 4744; x_wconf 86' lang='grc'><strong>23</strong></span> <span class='ocrx_word' id='word_1_535' title='bbox 1233 4691 1242 4757; x_wconf 82' lang='grc' dir='ltr'>Ι</span> <span class='ocrx_word' id='word_1_536' title='bbox 1308 4687 1386 4743; x_wconf 77' lang='grc'><strong>82</strong></span> <span class='ocrx_word' id='word_1_537' title='bbox 1425 4687 1494 4757; x_wconf 87' lang='grc' dir='ltr'><strong><em>τί]</em></strong></span> <span class='ocrx_word' id='word_1_538' title='bbox 1531 4681 1628 4743; x_wconf 74' lang='grc' dir='ltr'><strong><em>ὅτε</em></strong></span> <span class='ocrx_word' id='word_1_539' title='bbox 1663 4686 1714 4741; x_wconf 83' lang='lat' dir='ltr'><strong>V</strong></span> <span class='ocrx_word' id='word_1_540' title='bbox 1749 4689 1832 4754; x_wconf 85' lang='lat'><strong><em>53,</em></strong></span> <span class='ocrx_word' id='word_1_541' title='bbox 1873 4691 1933 4742; x_wconf 92' lang='lat'><strong><em>11</em></strong></span> 
     </span>
    </p>
   </div>
   <div class='ocr_carea' id='block_1_11' title="bbox 551 4773 2627 4830">
    <p class='ocr_par' dir='ltr' id='par_1_14' title="bbox 551 4773 2627 4830">
     <span class='ocr_line' id='line_1_45' title="bbox 551 4773 2627 4830; baseline 0.007 -14"><span class='ocrx_word' id='word_1_542' title='bbox 551 4773 793 4820; x_wconf 66' lang='lat' dir='ltr'><strong><em>Eusebius</em></strong></span> <span class='ocrx_word' id='word_1_543' title='bbox 819 4775 900 4820; x_wconf 83' lang='lat' dir='ltr'><strong><em>lv.</em></strong></span> <span class='ocrx_word' id='word_1_544' title='bbox 2563 4779 2627 4830; x_wconf 81' lang='lat'><strong><em>14</em></strong></span> 
     </span>
    </p>
   </div>
  </div>
 </body>
</html>
