3694 5582
707 493 825 556 162
1868 483 2135 540 Eusebius

705 643 1031 731 συνόντος
1090 643 1280 738 αὐτῷ
1339 648 1613 732 ἑτοίμου
1663 675 1740 717 τε
1781 653 2229 738 παρεστῶτος
2280 651 2373 729 εἷς
2426 644 2511 736 ἣν
2570 651 2895 717 τέτακται
2955 649 3321 728 διακονίαν,

707 740 824 819 ὅτε
873 755 986 818 καὶ
1040 739 1346 836 ἅψασθαι
1409 743 1624 818 αὐτοῦ
1682 751 2044 834 ἐπιτρέπει.
2133 743 2296 818 τότε
2354 745 2483 835 γὰρ
2549 741 2819 827 »αὐτοῖς
2878 741 3315 833 ἐνεφύσησεν(
3356 757 3415 810 14

704 853 816 916 καὶ
859 843 1021 918 τότε
1080 853 1282 936 μέρος
1325 875 1394 917 τι
1433 854 1842 935 χαρίσματος
1894 852 2021 918 τοῦ
2064 841 2259 933 ἁγίου
2299 843 2689 934 πνεύματος
2734 841 2993 928 αὐτοῖς,
3056 841 3138 914 τὸ
3200 848 3321 931 τῆς

703 941 1010 1032 ἀφέσεως
1053 952 1203 1017 τῶν
1247 941 1754 1035 ἁμαρτημάτων
1795 944 2192 1035 ποιητικόν,
2238 950 2489 1018 ἐδίδου·
2536 950 2951 1034 »διαιρέσειςι
3003 943 3128 1032 γὰρ
3178 970 3324 1032 »χα-

635 1056 668 1110 5
705 1041 1054 1134 ρισμάτων
1095 1051 1322 1130 εἰσίνι,
1373 1037 1477 1117 ὦν
1519 1049 1593 1115 ἐκ
1635 1052 1881 1135 μέρους
1922 1050 2045 1135 μὲν
2088 1042 2321 1128 αὐτοῖς
2364 1049 2683 1135 ἐδωρεῖτο
2730 1041 2893 1116 τότε
2937 1043 3172 1115 συνών
3213 1049 3323 1112 καὶ

701 1143 946 1230 παρών
1007 1139 1265 1229 αὐτοῖς,
1325 1144 1496 1234 μετὰ
1559 1151 1630 1216 δὲ
1691 1152 1911 1218 ταῦτα
1951 1153 2261 1234 μείζονος
2304 1140 2555 1228 αύτούς
2594 1149 2709 1216 καὶ
2752 1148 3170 1230 τελεωτέρας
3218 1146 3324 1212 δυ-

703 1241 969 1331 νάμεως
1011 1242 1330 1334 ἐπλήρου.
1416 1252 1569 1331 περὶ
1633 1238 1712 1336 ἧς
1771 1249 1847 1316 ἐν
1908 1263 2055 1328 ταῖς
2098 1242 2433 1334 Πράξεσιν
2483 1251 2631 1316 τῶν
2682 1239 3101 1316 ἀποστόλων
3150 1239 3325 1329 πρὸς

701 1340 950 1425 αὖτοὺς
995 1347 1123 1433 ἔφη
1167 1350 1278 1417 84*
1329 1341 1550 1434 »ύμεῖς
1594 1352 1665 1417 δὲ
1697 1343 2002 1436 λήψεσθε
2044 1349 2116 1431 ἐξ
2157 1340 2375 1432 ὕψους
2420 1343 2701 1433 δύναμιν
2730 1337 3155 1423 ἐπελθόντος
3198 1346 3325 1412 τοῦ

703 1439 900 1531 ἆγίου
939 1445 1324 1533 πνεύματος
1367 1441 1472 1531 ἐφ’
1515 1440 1753 1535 ύμᾶςι·
1799 1437 1917 1516 ὅτε
1961 1451 2070 1514 καὶ
2114 1441 2701 1533 βαπτισθήσεσθαι
2730 1439 2979 1524 αὐτοὺς
3018 1445 3093 1513 ἐν
3121 1438 3324 1512 πνεύ-

599 1553 668 1608 10
701 1570 863 1633 ματι
905 1538 1076 1633 ἀγίῳ
1121 1547 1595 1633 ἐπηγγέλλετο,
1642 1537 1680 1614 ὃ
1726 1543 1809 1631 δὴ
1852 1549 1963 1615 καὶ
2008 1539 2179 1614 αὐτὸ
2210 1547 2593 1632 ἐπληροῦτο
2622 1541 2790 1632 μετὰ
2820 1540 2951 1631 τὴν
2981 1537 3325 1628 ἀνάληψιν

703 1639 943 1726 αὐτοῦ,
987 1642 1162 1714 κατὰ
1208 1643 1337 1733 τὴν
1379 1639 1630 1734 ἡμέραν
1673 1649 1796 1734 τῆς
1837 1648 2303 1732 πεντηκοστῆς
2356 1639 2869 1725 ἀποσταλέντος
2921 1635 3153 1722 αὐτοῖς
3198 1644 3325 1710 τοῦ

701 1737 895 1828 ἀγίου
957 1740 1346 1830 πνεύματος
1387 1760 1536 1824 ταῖς
1581 1739 1793 1814 αὐτοῦ
1837 1760 2105 1830 φωναῖς
2149 1738 2573 1825 ἀκολούθως.
2655 1748 2976 1823 πλείονος
3020 1744 3090 1812 δὲ
3149 1743 3321 1827 ἐξερ-
3356 1754 3417 1807 15

700 1845 931 1928 γασίας
973 1847 1086 1911 καὶ
1129 1850 1498 1931 σαφηνείας
1540 1847 1885 1930 δεομένων
1920 1849 2066 1913 τῶν
2092 1841 2269 1914 κατὰ
2298 1840 2425 1914 τὸν
2457 1839 2680 1914 τόπον
2708 1837 2791 1911 οῦ
2820 1846 2946 1912 νῦν
2989 1845 3325 1926 ἐπεξιέναι

701 1937 934 2027 καιρὸς
977 1947 1064 2029 τῇ
1106 1946 1230 2030 τῆς
1275 1938 1641 2026 ἐξετάσεως
1684 1937 2011 2033 ἀκριβείᾳ,
2079 1946 2223 2014 ἐπεὶ
2274 1947 2439 2030 μηδὲ
2493 1936 2692 2012 τοῦθ’
2747 1936 2907 2029 ἡμῖν
2948 1935 3324 2030 πρόκειται,

601 2051 665 2105 15
697 2045 1127 2129 παραστῆσαι
1172 2037 1237 2111 δ’
1282 2046 1485 2131 ἐχρῆν
1546 2042 1784 2131 ἕτερον
1835 2043 2007 2112 εἶναι
2052 2049 2178 2112 τοῦ
2229 2043 2380 2113 υἱοῦ
2422 2038 2505 2111 τὸ
2548 2035 2997 2128 παράκλητον
3039 2044 3325 2128 πνεῦμα,

701 2133 739 2210 ὃ
802 2138 884 2229 δὴ
944 2147 1056 2211 καὶ
1116 2137 1485 2229 ἀπεδείχθη
1547 2138 1899 2229 διαφόρως
1960 2137 2051 2212 δι’
2118 2133 2222 2211 ὦν
2282 2138 2487 2225 αὐτὸς
2548 2145 2935 2212 ἐπαίδευσεν
2988 2133 3027 2210 ὅ
3072 2134 3324 2226 σωτήρ,

696 2237 872 2326 πρός
934 2265 1008 2308 τε
1067 2259 1214 2323 τοῖς
1266 2237 1504 2322 ἄλλοις
1549 2247 1660 2311 καὶ
1714 2245 1790 2312 ἐν
1833 2241 1937 2322 οῖς
1978 2241 2203 2331 ἔλεγεν
2254 2244 2391 2312 »ἔτι
2432 2239 2662 2314 πολλὰ
2706 2243 2837 2329 ἔχω
2883 2245 3104 2328 λέγειν
3146 2234 3323 2326 ύμῖν,

697 2333 845 2409 ἀλλ’
890 2335 972 2409 οῦ
1015 2336 1308 2411 δύνασθε
1351 2337 1705 2426 βαστάζειν
1757 2339 1938 2428 ἄρτι·
2000 2334 2175 2412 ὅταν
2218 2346 2289 2411 δὲ
2334 2344 2504 2428 ἔλθῃ
2548 2344 2887 2430 <ἐκεῖνος,>
2932 2335 3013 2408 τὸ
3056 2342 3323 2424 πνεῦμα

699 2445 821 2528 τῆς
863 2434 1208 2526 ἀληθείας,
1253 2435 1636 2527 διηγήσεται
1663 2437 1820 2530 ὑμῖν
1852 2438 1983 2530 τὴν
2012 2435 2347 2529 ἀλήθειαν
2375 2445 2626 2512 πᾶσαν·
2657 2437 2739 2512 ού
2768 2438 2893 2526 γὰρ
2924 2433 3038 2524 ἀφ’
3074 2436 3323 2508 ἑαυτοῦ
3356 2442 3418 2498 16

595 2548 664 2603 20
699 2536 991 2628 λαλήσει,
1036 2533 1184 2610 ἀλλ’
1231 2532 1356 2608 ὅσα
1397 2535 1693 2623 ἀκούσει,
1754 2549 1869 2610 καὶ
1912 2539 1999 2611 τὰ
2042 2535 2367 2628 ἐρχόμενα
2408 2535 2765 2629 ἀναγγελεῖ
2801 2534 2972 2628 ύμῖν.
3058 2539 3319 2618 ἐκεῖνος

699 2642 810 2727 ἐμὲ
853 2634 1146 2722 δοξάσει,
1215 2631 1324 2709 ὅτι
1367 2643 1441 2709 ἐκ
1485 2644 1612 2710 τοῦ
1655 2643 1820 2728 ἐμοῦ
1864 2637 2157 2728 λήψεται
2200 2647 2311 2710 καὶ
2354 2635 2709 2729 ἀναγγελεῖ
2746 2635 2960 2726 ὁμῖνι.
3025 2643 3035 2724 Ι
3102 2640 3176 2706 ἐν
3218 2634 3325 2717 οἶς
3360 2641 3477 2698 178

698 2734 909 2810 πάλιν
971 2733 1012 2806 ἃ
1064 2736 1153 2827 μὴ
1209 2733 1414 2821 αὐτὸς
1457 2741 1760 2825 ἐδίδαξεν
1802 2746 2021 2811 ταῦτα
2064 2737 2493 2830 μαθήσεσθαι
2534 2738 2698 2821 τοὺς
2740 2733 2954 2810 αῦτοῦ
3004 2732 3327 2825 μαθητὰς

699 2834 834 2909 ῦπό
880 2843 1004 2909 τοῦ
1048 2833 1244 2925 ἀγίου
1301 2836 1688 2927 πνεύματος
1738 2841 2246 2927 ἐπαγγέλλεται,
2312 2838 2408 2923 αἷς
2467 2847 2619 2929 περὶ
2682 2840 2919 2926 ἑτέρου
2972 2844 3193 2925 λέγων
3240 2832 3325 2906 τὸ

706 2930 917 3008 »ὅταν
977 2938 1146 3025 ἔλθῃ
1208 2942 1498 3020 ἐκεῖνος(
1561 2943 1674 3008 καὶ
1735 2936 1819 3009 τὸ
1890 2935 2008 3010 »οὗ
2060 2938 2185 3027 γὰρ
2252 2934 2369 3028 ἀφ’
2412 2940 2659 3011 ἑαυτοῦ
2712 2934 3017 3027 λαλήσει(
3078 2942 3193 3007 καὶ
3238 2932 3326 3004 τὸ

597 3043 665 3098 25
705 3040 994 3119 »ἐκεῖνος
1037 3040 1150 3124 ἐμὲ
1194 3033 1495 3122 δοξάσει(
1543 3043 1653 3108 καὶ
1697 3035 1782 3108 τὸ
1834 3034 1982 3109 »ὅτι
2025 3042 2100 3109 ἐκ
2143 3044 2270 3109 τοῦ
2312 3042 2475 3127 ἐμοῦ
2518 3035 2876 3128 λήψεταιι·
2931 3042 3149 3107 ταῦτα
3194 3033 3325 3122 γὰρ

699 3134 931 3208 πάντα
973 3130 1474 3225 ὑπολαμβάνειν
1519 3133 1644 3207 τὸν
1687 3142 1963 3226 σωτῆρα
2008 3133 2222 3209 αύτὸν
2256 3144 2411 3225 περὶ
2455 3138 2702 3209 ἑαυτοῦ
2731 3142 2950 3225 λέγειν
2993 3132 3176 3224 δεινὴ
3206 3142 3327 3205 καὶ

700 3232 1244 3325 δυσθεράπευτος
1272 3231 1579 3353 (εὐήθεια.
1655 3232 1828 3308 ἀλλὰ
1861 3236 1985 3325 γὰρ
2030 3242 2267 3324 σαφῶς
2311 3235 2419 3308 διὰ
2462 3234 2738 3309 τούτων
2782 3232 2989 3318 αὐτὸς
3018 3229 3327 3331 όῌσωτὴρ
3362 3243 3425 3296 17

153 3370 200 3391 ··
247 3410 256 3419 ,
312 3361 374 3411 ’θ’
421 3344 472 3381 “’
636 3418 646 3426 ‚
698 3334 784 3407 τὸ
827 3341 1091 3425 πνεῦμα
1133 3333 1214 3407 τὸ
1261 3363 1456 3424 αγιον
1502 3336 1735 3425 ἕτερον
1775 3332 2104 3425 ὑπάρχειν
2143 3333 2299 3425 παρ’
2346 3334 2593 3408 ἑαυτὸν
2634 3340 2953 3421 ἐδίδαξεν,
2985 3329 3154 3423 ’τῖμῇ
3195 3338 3327 3418 ubiz

517 3439 593 3471 '³‘
642 3439 660 3455 ⁹
699 3442 812 3505 καὶ
856 3430 1018 3521 δόξῃ
1061 3442 1174 3505 καὶ
1216 3443 1590 3523 πρεσβείοις
1631 3431 1963 3523 ῦπερέχον
2002 3444 2117 3506 καὶ
2158 3455 2477 3525 κρεῖττον
2525 3442 2637 3507 καὶ
2691 3432 3047 3523 ἀνώτερον
3100 3429 3331 3522 πάσης

478 3522 490 3636 ἶ
537 3539 543 3547 “
597 3538 666 3593 30
703 3540 826 3623 τῆς
869 3540 1112 3622 νοερᾶς
1152 3542 1266 3605 καὶ
1309 3540 1584 3623 λογικῆς
1630 3531 1969 3623 τυγχάνον
2012 3532 2242 3621 οὐσίας
2285 3534 2417 3623 (διὸ
2460 3543 2572 3607 καὶ
2617 3544 3200 3626 συμπαρείληπται
3237 3540 3329 3621 τῇ

662 3628 855 3725 ’ἀγίᾳ
895 3640 1008 3703 καὶ
1055 3641 1494 3725 τρισμακαρίᾳ
1539 3632 1804 3756 τριάδι)
1850 3630 2267 3723 ὖποβεβηκὸς
2310 3664 2382 3724 γε
2424 3634 2559 3725 μὴν
2602 3631 2815 3721 [εἶναι]
2864 3630 3091 3706 αὑτοῦ.
3165 3626 3204 3704 ὃ
3238 3631 3325 3722 δὴ
3367 3644 3433 3699 18

699 3740 992 3821 παρίστη
1038 3733 1254 3805 εἰπὼν
1323 3730 1444 3804 »οῦ
1495 3734 1622 3821 γὰρ
1666 3730 1764 3823 ἀφ
1840 3736 2085 3806 ἑαυτοῦ
2128 3733 2433 3823 λαλήσει,
2478 3729 2629 3807 ἀλλ’
2691 3727 2816 3806 ὅσα
2879 3731 3151 3805 ἀκούσει
3213 3742 3332 3803 λα·

703 3829 953 3921 λήσειν
996 3831 1182 3920 παρὰ
1226 3839 1414 3915 τίνος
1457 3838 1530 3903 δὲ
1575 3828 1867 3921 ἀκούσει,
1913 3838 2229 3922 διασαφεῖ
2266 3840 2487 3923 λέγων
2538 3839 2649 3905 »ἐκ
2679 3840 2805 3905 τοῦ
2834 3837 2999 3922 ἐμοῦ
3028 3829 3331 3922 λήψεται

223 4066 268 4097 ;.
350 4043 401 4082 ¹·
458 4010 720 4103 -W‘W‘
788 3982 910 4109 ‘4'2
946 4006 1085 4109 121‘111.
1121 4056 1204 4120 24,
1239 4056 1322 4110 39.
1393 4054 1516 4109 Joh.
1553 4056 1636 4121 20,
1673 4057 1738 4110 27
1792 4085 1860 4094 —
1913 4056 2015 4111 211
2044 4055 2167 4110 Joh.
2203 4056 2285 4118 20,
2322 4056 2405 4109 22.
2440 4056 2509 4111 23
2560 4085 2627 4096 —
2678 4054 2719 4110 4
2764 4055 2789 4107 1
2826 4053 2955 4110 Kor.
2992 4056 3073 4122 12,
3106 4058 3145 4111 4
3178 4084 3247 4095 -
3288 4051 3331 4109 8

701 4156 824 4209 Aet.
862 4157 908 4221 1,
943 4156 978 4210 8
1010 4184 1079 4195 —-
1113 4155 1195 4211 91
1223 4158 1344 4211 Aoss.
1387 4158 1432 4223 l,
1469 4159 1501 4211 5
1535 4186 1603 4195 —
1643 4156 1762 4212 llf
1789 4157 1913 4211 Acfi.
1951 4160 1999 4223 2,
2038 4158 2173 4211 1-4
2205 4187 2272 4196 -
2318 4158 2389 4212 17
2432 4156 2555 4211 Joh.
2593 4158 2673 4225 16,
2712 4157 2913 4212 12—15
2956 4185 3025 4196 —·
3080 4156 3161 4213 24
3196 4156 3329 4211 Joh.

704 4258 784 4324 16,
823 4258 888 4312 13
922 4284 988 4297 --
1023 4256 1146 4311 Joh.
1184 4258 1266 4323 16,
1304 4260 1368 4313 13
1403 4287 1469 4295 -
1508 4257 1586 4314 25
1623 4258 1746 4314 Joh.
1784 4259 1866 4321 16,
1904 4262 1971 4314 14
2003 4288 2071 4298 -
2107 4258 2185 4314 82
2223 4258 2345 4314 Joh.
2383 4261 2465 4325 16,
2500 4258 2567 4314 13
2600 4286 2669 4297 -
2704 4256 2783 4313 83
2821 4256 2945 4313 Joh.
2982 4259 3063 4324 16,
3104 4259 3171 4313 14

874 4458 905 4513 1
949 4453 1125 4512 αὐτοῦ
1160 4457 1225 4521 V,
1263 4474 1396 4512 corr.
1435 4457 1585 4512 Zahn
1649 4460 1658 4527 1
1723 4460 1760 4515 6
1793 4457 2129 4532 τελεοτέρας
2164 4460 2261 4523 V*‚
2298 4476 2432 4514 corr.
2470 4462 2547 4515 V²
2596 4461 2605 4529 Ι
2670 4460 2707 4516 8
2744 4454 2903 4527 ὑμεῖς
2936 4456 3015 4529 δὲ]
3050 4453 3197 4515 ἀλλὰ
3230 4458 3336 4513 ΝΤ

707 4559 714 4627 Ι
776 4554 839 4624 ἐξ
869 4552 1053 4627 ὕψους
1087 4566 1154 4619 <
1187 4556 1292 4612 ΝΤ
1354 4560 1363 4627 Ι
1431 4560 1508 4617 18
1543 4555 1760 4625 ἐκεῖνος
1795 4560 1869 4614 Κ]
1903 4562 2049 4615 nach
2082 4560 2179 4615 NT
2212 4580 2265 4615 u.
2301 4563 2354 4616 Z.
2392 4563 2460 4617 24
2520 4563 2532 4630 Ι
2598 4562 2675 4618 25
2714 4555 2803 4615 ὅτι
2837 4560 2911 4615 Kl
2945 4554 3029 4617 ἔτι
3064 4560 3117 4615 V
3168 4563 3177 4629 Ι
3244 4560 3329 4618 27

704 4660 974 4729 συνήθεια
1011 4660 1085 4727 V,
1132 4678 1253 4717 oorr
1286 4673 1370 4713 mr
1421 4662 1430 4729 Ι
1495 4660 1570 4718 81
1612 4654 1758 4718 εἶναι
1793 4665 1887 4717 etr.
1926 4662 2031 4717 We
2094 4666 2103 4731 1
2168 4660 2343 4718 αὐτοῦ
2379 4663 2428 4717 V
