3694 5582
1297 490 1398 545 Die
1432 491 1762 561 Fragmente
1795 490 2069 546 Max-cells,
2886 497 3000 560 189

389 656 884 728 προαγορεύουσα.
955 656 1174 715 δώδεκα
1209 656 1320 729 γὰρ
1359 652 1542 713 ὄντων
1585 658 1685 715 τὸν
1721 655 1975 729 ἀριθμὸν
2008 665 2123 712 τῶν
2160 655 2511 721 ἀποστόλων,
2548 654 2768 713 δώδεκα
2802 664 3002 727 πηγῶν

391 761 688 812 μεμνηται.

545 909 637 964 Nr.
673 912 742 965 24
777 908 878 977 (Re
912 910 998 977 20)
1054 906 1289 975 εἰκότως
1342 902 1442 963 οὖν
1495 910 1626 981 περὶ
1673 914 1770 975 τῆς
1811 908 1961 965 κατὰ
1998 907 2182 982 σάρκα
2218 907 2495 977 γενέσεως
2530 908 2563 963 ὁ
2599 908 2875 977 δεσπότης
2910 907 3003 963 διὰ

305 1076 340 1129 5
377 1002 484 1050 τοῦ
533 995 835 1134 πέοφήτου
889 996 1238 1064 Σολομῶνος
1289 992 1560 1064 λέγοντος
1613 992 1756 1063 »πρὸ
1811 1001 1915 1048 τοῦ
1966 996 2275 1064 προελθεῖν
2327 992 2429 1057 τὰς
2478 992 2663 1061 πηγὰς
2713 999 2827 1047 τῶν
2874 987 3001 1047 ὑδά-

379 1099 524 1135 τωνα
597 1098 692 1149 φη.

547 1246 640 1301 Nr.
677 1248 744 1303 25
782 1246 880 1314 <Re
914 1247 1004 1313 20)
1042 1241 1189 1301 οὕτω
1235 1246 1346 1318 γὰρ
1385 1244 1417 1302 o‘
1454 1249 1639 1317 σωτὴρ
1685 1244 1830 1317 πρὸς
1870 1243 1973 1308 τὰς
2018 1240 2175 1317 ἱερὰς
2208 1242 2394 1313 πηγὰς
2430 1240 2535 1313 ἔφη
2588 1240 3006 1312 »πορευθέντες

379 1329 778 1400 μαθητεύσατε
815 1328 1004 1387 πάντα
1038 1329 1110 1386 τὰ
1145 1326 1336 1400 ἕθνηπ.

549 1498 644 1552 Nr.
681 1499 747 1551 26
783 1498 882 1565 (Re
919 1498 1004 1563 21)
1059 1498 1429 1567 πανταχόθεν
1482 1498 1650 1565 δῆλόν
1701 1493 1854 1552 ἐστιν
1897 1495 2029 1560 τοὺς
2075 1492 2261 1569 ἱεροὺς
2297 1492 2653 1559 ἀποστόλους
2686 1498 2785 1550 καὶ
2820 1494 3006 1565 πηγὰς

383 1588 673 1653 τροπικῶς
707 1578 1053 1649 ὠνομάσθαι
1087 1578 1198 1637 ὑπὸ
1234 1590 1336 1638 τοῦ
1372 1584 1688 1653 προφήτου.

279 1779 348 1833 10
553 1766 646 1819 Nr.
683 1767 747 1819 27
787 1764 888 1831 (Re
923 1766 1008 1833 22)
1066 1763 1274 1820 οὐκοῦν
1318 1762 1617 1835 ἐπειδήπερ
1653 1768 1784 1837 περὶ
1817 1770 1933 1819 τῶν
1968 1765 2345 1835 προαγόντων
2382 1760 2718 1832 εἰρήκαμεν,
2772 1760 3007 1819 ἀκόλου-

385 1852 495 1905 θόν
531 1846 682 1905 ἐστιν
715 1850 814 1904 καὶ
847 1847 914 1904 τὸ
952 1853 1152 1905 λεῖπον
1187 1846 1611 1921 ἀναπληρῶσαι.
1682 1850 1865 1905 λείπει
1916 1848 1975 1905 δὲ
2026 1850 2091 1904 τὸ
2137 1847 2285 1903 κατὰ
2330 1846 2403 1903 τὰ
2440 1843 2547 1916 ὅρη
2582 1849 2681 1903 καὶ
2714 1847 2845 1911 τοὺς
2876 1850 3005 1919 βου-

385 1934 533 1999 νούς.
598 1936 768 2004 »πρὸσ
808 1932 918 2005 γὰρ
960 1941 1090 1989 »τοῦ
1127 1929 1232 2005 ὅρη
1269 1930 1644 2005 ἑδρασθῆναι«
1685 1935 1853 2001 φησὶν
1894 1932 2037 2001 »πρὸ
2074 1933 2133 1988 δὲ
2169 1930 2401 1988 πάντων
2436 1938 2550 1987 τῶν
2584 1936 2808 2004 ιΒουνῶν
2832 1936 3007 2004 γεννᾷ

385 2019 506 2088 μέα.
579 2014 684 2088 ὅρη
719 2020 818 2072 καὶ
852 2016 1093 2089 βουνοὺς
1127 2017 1260 2083 τοὺς
1295 2015 1650 2083 ἀποστόλους
1683 2022 1781 2073 καὶ
1815 2017 1949 2083 τοὺς
1983 2024 2096 2073 τῶν
2135 2014 2473 2073 ἀποστόλων
2508 2016 2805 2085 διαδόχους
2839 2013 3007 2084 λέγει,

381 2100 480 2159 ἵνα
518 2102 678 2172 παρὰ
714 2100 846 2166 τοὺς
881 2098 1086 2165 ἄλλους
1123 2100 1468 2175 ἀνθρώπους
1503 2107 1604 2172 τὴν
1637 2098 1763 2157 κατ’
1799 2101 1988 2158 αὐτῶν
2021 2102 2244 2156 δικαίαν
2280 2102 2574 2156 πολιτείαν
2600 2102 3008 2169 παροιμιωδῶς

289 2199 350 2251 15
389 2192 626 2258 σημήνῃ·

557 2372 652 2426 Nr.
687 2373 754 2426 28
791 2370 888 2437 (Re
925 2372 1012 2438 23)
1058 2371 1148 2427 διὰ
1193 2379 1363 2426 τοῦτο
1401 2372 1592 2426 τοίνυν
1626 2374 1788 2428 δοκεῖ
1814 2388 1917 2438 μοι
1951 2374 2140 2434 καλῶς
2175 2363 2325 2439 ἔχειν
2362 2364 2443 2424 ἔτι
2486 2370 2619 2441 περὶ
2654 2359 2736 2423 ὧν
2770 2366 3004 2437 μηδέπω

388 2456 672 2529 πρότερον
725 2458 958 2523 διῆλθον
1009 2451 1130 2509 νυνὶ
1185 2457 1442 2511 διελθεῖν.
1513 2454 1582 2511 τὰ
1635 2454 1747 2527 γὰρ
1801 2460 2035 2511 πλεῖστα
2080 2460 2197 2509 τῶν
2232 2446 2327 2508 ὑπ’
2363 2451 2538 2510 αὐτοῦ
2572 2450 2909 2525 γραφέντων
2944 2448 3008 2507 ἐκ

390 2548 505 2595 τῶν
542 2539 641 2609 ἥδη
679 2538 1112 2611 προειρημένων
1147 2540 1281 2608 ἡμῖν
1317 2538 1553 2610 γέγονεν
1589 2542 1744 2607 δῆλα.
1820 2538 1923 2595 »ἐκ
1958 2536 2286 2609 γαστρὸςε
2336 2539 2507 2608 φησὶν
2546 2534 2705 2609 »πρὸ
2743 2531 3009 2606 ἑωσφό-

392 2645 515 2699 ρου
551 2621 969 2696 έξεγέννησά
1009 2640 1128 2679 σεα.
1203 2619 1347 2699 ᾤετο
1403 2623 1512 2696 γὰρ
1559 2624 1788 2688 πάντως
1822 2642 1936 2678 που
1969 2626 2071 2691 τὴν
2106 2619 2168 2689 ἐξ
2201 2622 2480 2695 πρόθεσιν
2533 2625 2845 2677 κλαπεῖσαν
2882 2638 3007 2676 συν-

289 2719 358 2773 20
391 2714 732 2782 δραμεῖσθαι
766 2716 836 2778 τῇ
871 2714 970 2776 τῆς
1005 2704 1276 2781 αἱρέσεως
1311 2706 1526 2779 γνώμῃ.
1597 2708 1682 2764 διὸ
1717 2708 1782 2764 τὸ
1827 2704 2183 2779 κυριώτατον
2216 2713 2316 2774 τῆς
2351 2710 2629 2778 συλλαβῆς
2664 2701 2872 2771 ἐξελὼν
2906 2706 3009 2772 τὴν

393 2791 639 2865 ἀρχαίαν
675 2790 849 2849 αὐτοῦ
885 2790 1259 2864 ἀναγέννησιν
1298 2801 1542 2864 σημῆναι
1577 2791 1876 2864 ἐβουλήθη.

559 2963 655 3017 Nr.
691 2963 757 3018 29
794 2961 894 3030 (Re
928 2963 1013 3030 24)
1067 2969 1188 3026 πῶς
1233 2953 1334 3016 οὖν
1382 2958 1439 3016 οἱ
1478 2964 1736 3034 »πλήρεις
1770 2961 1941 3016 δόλου
1992 2961 2091 3015 καὶ
2142 2958 2563 3035 ῥᾳδιουργίαςα,
2619 2955 3011 3023 ἀποστολικῶς

393 3045 588 3110 εἰπεῖν,
624 3043 1045 3118 μεταφέρουσιν
1079 3045 1144 3100 τὸ
1182 3043 1356 3116 ῥητόν
1393 3045 1474 3113 εἰς
1508 3049 1630 3116 τὴν
1664 3042 1941 3118 πρώτην
1979 3043 2212 3113 αὑτοῦ,
2250 3038 2329 3108 ὡς
2354 3039 2587 3106 οἴονται,
2624 3045 2873 3110 κτίσιν,
2912 3044 3012 3097 καὶ

391 3138 570 3187 ταῦτα
606 3138 707 3186 τοῦ
746 3133 926 3185 Δαυὶδ
959 3133 1091 3200 περὶ
1125 3137 1221 3198 τῆς
1254 3129 1402 3186 κατὰ
1440 3130 1624 3204 σάρκα
1662 3129 1838 3185 αὐτοῦ
1872 3128 2147 3200 γενέσεως
2184 3134 2379 3198 σαφῶς
2414 3125 2725 3199 εἰρηκότος.

291 3308 357 3362 25
560 3299 654 3352 Nr.
691 3300 760 3354 30
795 3299 892 3366 (Re
929 3299 1014 3366 25)
1054 3298 1292 3362 σκότους
1326 3295 1436 3369 γὰρ
1475 3292 1642 3361 ὄντος
1676 3297 1961 3370 πρότερον
1997 3295 2085 3351 διὰ
2122 3297 2222 3363 τὴν
2258 3299 2356 3362 τῆς
2390 3295 2727 3363 θεοσεβείας
2751 3287 3009 3362 ἄγνοιαν,

393 3391 492 3451 τῆς
526 3383 585 3439 δὲ
619 3382 836 3454 ἡμέρας
869 3384 1178 3452 φαίνεσθαι
1211 3380 1526 3452 μελλούσης
1563 3379 1761 3449 (υέγὼα
1803 3380 1914 3451 γάρ
1957 3379 2127 3448 »elac«
2182 3381 2351 3448 φησὶν
2400 3379 2460 3446 »ἢ
2500 3377 2737 3448 ἡμέρωι)
2775 3375 3011 3443 εἰκότως

393 3468 494 3524 τὸν
531 3465 742 3536 ἀστέρα
777 3461 1078 3537 ἑωσφόρον
1115 3466 1404 3536 ὀνομάζει.
1503 3515 1512 3522 .

560 3651 652 3705 Nr.
691 3653 754 3705 31
812 3651 910 3712 (Re
944 3653 1030 3717 26)
1085 3647 1174 3705 διὰ
1220 3658 1388 3706 τοῦτο
1422 3651 1614 3705 τοίνυν
1650 3656 1751 3705 τοῦ
1785 3651 1887 3716 τὴν
1922 3646 2141 3717 ἡμέραν
2178 3650 2485 3716 δηλοῦντος
2521 3642 2760 3717 ἀστέρος
2795 3639 3009 3714 ἓωσφό·

393 3755 500 3804 ρου
535 3733 645 3790 ὑπὸ
681 3743 782 3791 τοῖ-
818 3737 1116 3806 προφήτου
1152 3735 1328 3790 Δαυὶδ
1359 3733 1597 3798 εἰκότως
1633 3731 2079 3802 ὀνομασθέντος,
2118 3730 2307 3788 οὐκέτι
2343 3733 2635 3799 ζητεῖσθαι
2669 3731 2887 3784 δίκαιον
2911 3727 3011 3784 τὸν

563 3920 730 3974 3-5
765 3919 856 3979 48,
895 3919 1050 3972 5-7.
1121 3919 1240 3978 149,
1277 3920 1505 3970 εει-30
1539 3948 1606 3956 -
1647 3916 1812 3973 6-7
1839 3919 1959 3979 119,
1996 3917 2221 3968 32—33
2254 3946 2321 3954 -
2360 3917 2527 3971 8——9
2562 3913 2676 3980 149,
2702 3914 2923 3964 36-37
2946 3943 3013 3950 -

393 3988 658 4042 10—15
709 3987 810 4050 43,
849 3987 1053 4048 9—15,·
1109 3987 1198 4041 12
1249 3985 1403 4056 (πρὸ)
1456 4016 1523 4024 -
1578 3987 1670 4040 15
1721 3987 1849 4050 150,
1888 3986 2095 4037 1‹=;—-21
2146 4015 2213 4022 —
2266 3983 2515 4038 16—21
2566 3982 2896 4042 12‚12—18
2946 4010 3013 4018 -

400 4055 654 4110 ἐκ-24
688 4056 775 4121 24,
813 4055 1027 4106 31-34
1058 4084 1125 4092 -
1161 4053 1428 4110 25-27
1457 4054 1543 4119 12,
1579 4055 1804 4104 24-26
1837 4083 1905 4092 -
1941 4051 2164 4108 κει-ε’.
2202 4052 2379 4121 190,
2422 4052 2467 4104 6
2501 4050 2590 4115 50,
2639 4049 2807 4100 7—16

564 4192 593 4244 1
635 4187 734 4244 Ex.
777 4191 858 4256 15,
894 4190 957 4242 27
995 4218 1062 4226 —-
1099 4190 1136 4242 4
1173 4188 1330 4243 Prov.
1369 4189 1419 4250 8,
1456 4189 1522 4242 24
1557 4219 1624 4227 —
1660 4190 1698 4244 6
1743 4188 1947 4240 Mat‘ch.
1988 4187 2069 4251 28,
2108 4189 2171 4240 19
2208 4216 2273 4224 -—-
2321 4185 2397 4239 12
2446 4185 2606 4238 Prov.
2644 4185 2692 4246 8,
2728 4184 2795 4238 25
2830 4213 2898 4222 —--
2937 4183 3014 4237 18

394 4258 479 4312 l‘s.
519 4259 636 4318 109,
661 4259 692 4310 3
731 4287 798 4295 —-
835 4259 912 4311 22
951 4259 1072 4311 Act.
1102 4259 1182 4322 13,
1211 4258 1276 4310 10
1310 4286 1377 4294 -
1414 4257 1493 4311 24
1530 4256 1615 4310 Ps.
1645 4258 1758 4322 109,
1784 4259 1816 4308 3
1852 4254 1962 4323 vgl.
1990 4254 2080 4308 Nr.
2102 4257 2169 4308 ‘28
2202 4283 2269 4292 -
2307 4254 2383 4306 2ss
2416 4252 2447 4304 ‘?
2482 4252 2603 4306 Joh.
2628 4255 2705 4309 14,
2726 4254 2773 4304 6.
2800 4251 2848 4314 9,
2866 4253 2916 4306 4.
2943 4251 3017 4305 5?

563 4392 601 4446 4
655 4389 837 4462 λέγων
887 4394 1002 4456 149,
1040 4391 1178 4446 291.
1217 4389 1402 4460 λέγων
1453 4389 1562 4444 vd?
1627 4393 1634 4458 Ι
1703 4391 1778 4445 12
1835 4390 1911 4460 y&
1984 4389 2305 4454 <150,18
2370 4387 2377 4452 Ι
2441 4393 2557 4441 τῶν
2611 4397 2675 4444 <
2730 4387 2948 4452 150,18
3008 4385 3015 4453 Ι

396 4461 474 4514 13
527 4457 710 4578 λέγειᾼ
749 4463 896 4514 εἰναι
933 4459 980 4512 V
1017 4465 1099 4518 48,
1137 4463 1168 4514 5
1234 4461 1241 4526 Ι
1311 4459 1386 4513 14
1440 4461 1540 4525 τὴν
1577 4450 1704 4513 κατ’
1738 4451 1929 4513 αὐτῶν
1984 4461 2288 4524 τηνικαῦτα
2324 4452 2457 4518 τοὺς
2492 4454 2539 4506 V
2580 4457 2694 4518 150,
2731 4455 2793 4506 21
2862 4455 2869 4522 Ι
2916 4455 3016 4533 ’16

395 4524 479 4584 ἔτι
513 4545 541 4581 r
575 4545 628 4581 τι
695 4543 700 4550 ’
778 4529 785 4595 Ι
854 4529 925 4582 17
985 4528 1212 4593 διῆλθεν
1249 4526 1314 4588 V,
1370 4543 1506 4581 corr.
1547 4527 1637 4578 Mo
1703 4526 1710 4592 Ι
1781 4525 2003 4579 15—21
2059 4522 2131 4578 τὰ
2168 4553 2233 4562 —
2270 4518 2551 4592 ἐβουλίθη
2610 4521 2691 4574 als
2727 4518 3014 4576 Eusebms’

395 4596 592 4719 {Norge
627 4613 692 4716 thud
709 4613 747 4664 g
799 4597 808 4661 Ι
874 4595 994 4650 2οῐ
1024 4591 1152 4660 ,,έξ“
1187 4588 1335 4648 ἑλὼν
1373 4634 1386 4647 .
1423 4637 1438 4650 .
1475 4637 1486 4649 .
1526 4587 1646 4649 ἀνω
1683 4591 1944 4662 γέννησιν
1981 4591 2133 4645 Zahn
2169 4593 2266 4645 113
2306 4589 2414 4658 vgl.
2454 4543 2549 4642 ίᾺο
2586 4587 2663 4642 Re
2710 4591 2719 4656 Ι
2777 4590 2850 4644 2ἳ
2891 4585 3015 4657 τὸν]

426 4681 530 4718 αυτ
568 4680 601 4716 ν
697 4681 728 4716 0
