3694 5582
705 517 786 580 84
1888 510 2154 566 Eusebius

709 669 1124 746 ἀποκαλέσαι
1166 679 1280 743 καὶ
1321 677 1670 800 μονογενῆ
1705 671 1921 761 φάναι
1964 679 2141 762 <καὶ>
2184 672 2337 746 υἱὸν
2380 682 2552 747 θεοῦ
2605 669 3043 763 ὁμολογῆσαι,
3106 667 3333 742 οὐκέτι

711 772 920 864 λόγον
963 769 1299 862 ὀνομάζει,
1347 769 1522 843 ἄλλα
1565 781 1676 844 καὶ
1721 769 1933 844 αὐτὸν
1980 772 2231 846 λοιπὸν
2259 778 2517 863 ιστορεῑ
2543 774 2672 846 τὸν
2702 778 2978 862 σωτῆρα
3009 767 3091 844 ού
3124 770 3333 859 λόγον

711 873 960 946 ἑαυτὸν
1002 870 1510 955 ἀποκαλοῦντα,
1555 869 1728 944 ἀλλὰ
1773 871 1925 944 υἱὸν
1965 881 2077 943 καὶ
2120 881 2457 974 μονογενῆ
2500 881 2613 946 καὶ
2658 879 2809 960 φῶς
2852 878 2963 942 καὶ
3008 871 3193 960 ζωὴν
3220 876 3331 940 καὶ

711 971 1044 1064 ἀλήθειαν
1095 979 1206 1042 καὶ
1241 959 1728 1093 ἄλλατμυρία
1781 971 2011 1060 ωσπερ
2066 975 2192 1044 οὐν
2244 969 2529 1046 ἀκοῦσαι
2569 971 2897 1062 πάρεστιν
2940 968 3154 1042 αὐτοῦ
3198 963 3333 1040 ὧδέ

641 1088 673 1142 5
707 1103 806 1163 πη
849 1065 1421 1153 διδάσκοντοςβ
1348 1100 1611 1154 »ουτως
1655 1072 1781 1162 γὰρ
1823 1069 2171 1163 ἠγάπησεν
2216 1102 2255 1144 ο
2299 1071 2464 1154 θεὸς
2507 1073 2637 1146 τὸν
2663 1069 2939 1159 κόσμον,
2986 1068 3165 1142 ὥστε
3204 1071 3329 1142 τὸν

709 1173 858 1245 υἱὸν
901 1169 1116 1244 αυτοῦ
1153 1170 1284 1242 τὸν
1323 1178 1662 1260 μονογενῆ
1707 1175 1987 1256 έδωκεν,
2044 1175 2154 1243 ἵνα
2196 1179 2331 1256 πᾶς
2375 1168 2444 1294 ὁς
2458 1171 2805 1244 πιστεύων
2848 1177 2941 1254 εἰς
2987 1167 3199 1241 αὐτὸν
3240 1169 3329 1258 μὴ

708 1270 1121 1363 άπόληταιι,
1183 1279 1294 1342 καὶ
1353 1268 1565 1343 πάλιν
1623 1300 1742 1342 »ου
1795 1270 1921 1360 γὰρ
1966 1268 2361 1344 ἀπέστειλεν
2404 1303 2443 1344 ο
2490 1271 2655 1354 θεὸς
2699 1271 2827 1343 τὸν
2870 1267 3021 1341 υἱὸν
3066 1273 3158 1352 εἰς
3202 1267 3330 1340 τὸν

709 1372 994 1462 κόσμον,
1057 1375 1168 1443 ἵνα
1211 1377 1406 1461 κρίνῃ
1450 1370 1579 1442 τὸν
1621 1367 1947 1460 κόσμονι,
2008 1379 2122 1443 καὶ
2184 1363 2382 1456 αὖθις
2446 1366 2521 1443 »0‘
2566 1377 2639 1442 δὲ
2680 1371 2769 1461 μὴ
2812 1369 3161 1442 πιστεύων
3200 1365 3329 1458 ἤδη
3366 1383 3435 1437 19

709 1480 1027 1563 κέκριται,
1073 1465 1184 1542 ὅτι
1226 1468 1308 1541 οὗ
1350 1478 1798 1543 πεπίστευκεν
1842 1477 1937 1554 εἰς
1980 1469 2063 1541 τὸ
2114 1463 2331 1561 ὄνομα
2379 1477 2508 1542 τοῦ
2550 1477 2964 1560 μονογενοῦς
3006 1474 3159 1541 υἱοῦ
3204 1475 3331 1541 τοῦ

612 1586 678 1640 10
711 1578 940 1646 θεοῦι.
1023 1578 1134 1641 καὶ
1176 1574 1482 1641 ἐνταῦθα
1522 1567 1732 1642 πάλιν
1776 1565 1814 1642 0‘
1858 1578 1982 1659 μὲν
2024 1569 2189 1654 θεὸς
2241 1577 2467 1643 ἐδίδου
2518 1578 2629 1640 καὶ
2698 1568 3147 1644 »ἀπέστελλεν
3207 1567 3333 1640 τὸν

711 1671 863 1744 υἱὸν
907 1675 1186 1758 σωτῆρα
1229 1675 1359 1741 τοῦ
1400 1667 1716 1756 κόσμους,
1763 1664 1801 1740 ὁ
1845 1675 1919 1740 δὲ
1964 1668 2420 1743 ἀπεστέλλετο
2454 1671 2683 1759 ἕτερος
2714 1663 2819 1740 ὢν
2862 1670 3120 1760 δηλαδὴ
3150 1666 3334 1758 παρὰ

716 1771 840 1842 τὸν
883 1765 1417 1842 ἀποστέλλοντα.
1503 1765 1610 1840 διό
1654 1797 1768 1857 μοι
1811 1774 2000 1840 δοκεῖ
2036 1769 2147 1841 διὰ
2190 1777 2338 1842 τῶν
2384 1772 2534 1860 ἑξῆς
2575 1766 2671 1854 οὖς
2700 1767 2874 1858 πρὸς
2904 1766 3118 1840 αὐτὸν
3150 1767 3333 1856 Μάρ-

714 1879 960 1942 κελλον
1001 1877 1114 1941 καὶ
1155 1867 1330 1956 πρὸς
1383 1867 1547 1949 τοὺς
1601 1874 2235 1958 διαφθονουμένους
2296 1877 2384 1958 τῇ
2446 1876 2572 1942 τοῦ
2630 1873 2785 1941 υἱοῦ
2847 1867 3041 1956 φύσει
3102 1863 3332 1957 άναγε·

714 1968 1020 2059 γράφθαι
1063 1963 1269 2051 αυτὸς
1311 1997 1351 2039 ο
1397 1965 1628 2054 σωτὴρ
1673 1962 1869 2056 ἡμῶν
1914 1970 2201 2058 εἰρηκώς
2266 1965 2431 2040 »οὐκ
2493 1973 2677 2040 ἔστιν
2736 1974 3200 2058 γεγραμμένον
3258 1971 3331 2037 ἐν

613 2087 678 2140 15
715 2077 818 2158 τῷ
865 2064 1052 2158 νόμῳ
1101 2073 1110 2154 Ι
1159 2061 1268 2138 ότι
1311 2069 1446 2155 ἐγώ
1492 2068 1672 2138 εἶπα·
1745 2075 1901 2140 θεοί
1942 2072 2123 2154 ἐστε,·
2178 2075 2299 2157 <εἰ>
2344 2071 2637 2152 ἐκείνους
2682 2071 2867 2139 εἶπεν
2910 2067 3117 2149 θεοὺς
3158 2065 3330 2154 πρὸς
3365 2084 3435 2139 20
3459 2083 3467 2150 Ι
3490 2082 3557 2137 87

715 2165 833 2250 ου“ς
877 2162 916 2238 ό
963 2163 1163 2256 λόγος
1206 2171 1472 2254 ἐγένετο
1519 2173 1646 2238 τοῦ
1688 2173 1876 2252 θεοῦ,
1920 2175 2035 2239 καὶ
2078 2164 2161 2240 ού
2204 2167 2487 2240 δύναται
2532 2173 2827 2257 λυθῆναι
2868 2163 2908 2257 ἦ
2955 2158 3330 2256 γραφή,ον

717 2264 754 2340 ὁ
814 2265 1044 2355 πατὴρ
1109 2263 1379 2356 ἡγίασεν
1437 2272 1548 2336 καὶ
1613 2263 2009 2340 ἀπέστειλεν
2066 2275 2159 2351 εἰς
2216 2266 2345 2339 τὸν
2407 2265 2665 2357 κόσμον
2722 2265 2906 2357 υμεῖς
2955 2272 3183 2355 λέγετε
3226 2295 3335 2336 οτι

715 2380 1146 2456 βλασφημεῖς,
1192 2363 1302 2437 ὅτι
1345 2367 1567 2437 εἶπον·
1613 2364 1757 2448 υἱὸς
1800 2374 1929 2438 τοῦ
1970 2372 2141 2440 θεοῦ
2184 2373 2372 2455 εἰμίι.
2460 2363 2725 2450 άκούεις
2769 2362 3001 2448 ὁσάκις
3044 2363 3252 2447 αὐτὸς
3294 2395 3333 2435 ο

717 2466 948 2555 σωτὴρ
993 2464 1241 2536 ἑαυτὸν
1285 2461 1366 2536 ού
1397 2461 1623 2553 λόγον,
1671 2463 1846 2538 ἀλλὰ
1874 2464 2027 2538 υιὸν
2056 2464 2412 2556 ωνόμασεν
2440 2475 2552 2538 καὶ
2581 2473 2920 2556 μονογενῆ
2948 2484 3333 2555 προσεῖπεν,

615 2581 684 2636 20
718 2562 913 2651 ὅπως
957 2571 1026 2636 δὲ
1071 2561 1499 2636 ἀπεστάλθαι
1543 2565 1792 2636 εαυτὸν
1832 2573 1945 2637 καὶ
1990 2563 2309 2656 ἧγιάσθαι
2349 2565 2485 2656 πρὸ
2530 2573 2657 2637 τοῦ
2700 2562 3170 2655 ἀποσταλῆναι
3200 2561 3333 2634 υπὸ
3369 2579 3441 2634 21

719 2671 846 2737 τοῦ
887 2663 1150 2752 πατρὸς
1193 2667 1557 2744 ἐδίδασκεν,
1600 2670 1712 2734 καὶ
1757 2661 1853 2746 ὦς
1898 2666 2059 2748 τοὺς
2102 2660 2480 2749 ὀκνοῦντας
2523 2665 2676 2737 υἱὸν
2720 2662 2935 2736 αὐτὸν
2977 2660 3335 2754 ὁμολογεῖν

719 2770 846 2836 τοῦ
887 2770 1060 2837 θεοῦ
1104 2770 1404 2836 δυσωπεῖ
1443 2761 1782 2835 διδάσκων
1825 2769 1902 2835 ἐκ
1945 2771 2068 2855 τῆς
2112 2773 2305 2850 θείας
2348 2771 2609 2855 γραφῆς
2662 2763 2758 2848 οὖς
2811 2760 2893 2837 ού
2943 2760 3161 2852 μόνον
3203 2766 3337 2834 υἱοὶ

719 2870 887 2936 θεοῦ
931 2860 1106 2935 ἀλλὰ
1147 2870 1262 2935 καὶ
1313 2872 1466 2935 θεοὶ
1517 2871 1768 2952 θνητοὶ
1827 2863 1961 2954 τὴν
2020 2865 2224 2952 φύσιν
2284 2865 2526 2955 ἄνδρες
2586 2864 3001 2955 ἐκλήθησαν·
3080 2863 3187 2935 διὸ
3245 2862 3334 2953 μὴ

715 2970 960 3054 χρῆναι
1002 2971 1300 3052 νομίζειν
1342 2960 1745 3053 βλάσφημον
1790 2966 1963 3035 εἶναι
2006 2964 2089 3035 τὸ
2133 2970 2245 3036 καὶ
2286 2964 2442 3036 υἱὸν
2482 2972 2653 3036 θεοῦ
2704 2972 2817 3036 καὶ
2867 2962 3040 3036 θεὸν
3093 2959 3333 3052 ὁμολο-

618 3078 684 3133 25
719 3082 864 3153 γεῖν
912 3056 1031 3133 »ὃν
1076 3059 1113 3134 ὁ
1157 3063 1384 3152 πατὴρ
1429 3059 1702 3152 ἡγίασεν
1742 3071 1853 3133 καὶ
1898 3060 2294 3136 ἀπέστειλεν
2352 3069 2447 3147 εἰς
2507 3064 2635 3135 τὸν
2687 3062 3005 3153 κόσμους.
3076 3071 3159 3133 -τί
3209 3054 3334 3134 οὖν
3368 3069 3445 3125 22

721 3168 919 3252 ἐχρῆν
961 3171 1215 3233 παθεῖν
1256 3162 1386 3233 τὸν
1427 3162 1597 3250 μετὰ
1637 3161 1762 3245 τὰς
1805 3162 2141 3245 τοσαύτας
2187 3161 2429 3250 φωνὰς
2474 3162 2911 3253 τολμήσαντα
2957 3160 3169 3249 φάναι

847 3266 986 3347 (Nr.
1018 3272 1096 3334 43
1139 3296 1224 3320 =
1267 3269 1370 3347 81)
1415 3258 1630 3350 λόγον
1673 3264 1842 3333 εἶναι
1893 3259 2104 3333 αὐτὸν
2144 3268 2259 3331 καὶ
2303 3258 2505 3332 οὐδὲν
2550 3264 2807 3350 ἕτερον,

723 3358 1066 3446 αῦτολεξεί
1108 3390 1184 3431 τε
1230 3357 1548 3449 εἰρηκότα

847 3464 986 3547 (Nr.
1019 3468 1121 3547 34)
1167 3467 1276 3531 καὶ
1321 3458 1432 3531 διὰ
1475 3466 1685 3532 τοῦτο
1717 3457 1838 3548 οὐχ
1868 3460 2016 3532 υἱὸν
2046 3467 2217 3531 θεοῦ
2246 3455 2459 3531 αὐτὸν
2499 3454 2831 3548 ὀνομάζει,
2878 3456 3053 3532 άλλὰ
3084 3486 3341 3530 παντα-

619 3574 687 3628 30
843 3566 968 3649 χοῦ
1009 3558 1165 3630 υἱὸν
1206 3556 1592 3647 ἀνθρώπου
1623 3560 1867 3631 ἑαυτὸν
1898 3566 2090 3649 λέγει,
2136 3561 2247 3630 ἵνα
2291 3559 2399 3630 διὰ
2446 3565 2568 3649 τῆς
2610 3558 2935 3649 τοιαύτης
2978 3554 3341 3649 ὁμολογίας

846 3666 1031 3730 θέσει
1075 3658 1202 3729 τὸν
1247 3658 1635 3746 ἄνθρωπον
1680 3658 1788 3730 διὰ
1841 3666 1963 3748 τῆς
2024 3659 2197 3747 πρὸς
2260 3655 2475 3729 αὖτόν
2536 3665 2897 3742 κοινωνίας
2958 3658 3112 3730 υἱὸν
3172 3662 3343 3729 θεοῦ

849 3762 1160 3849 γενέσθαι
1202 3755 1692 3845 παρασκευάσῃ.

725 3864 941 3928 ταῦτα
985 3857 1109 3947 γὰρ
1141 3855 1545 3947 Μάρκελλος
1589 3858 1804 3928 είπων
1847 3854 1973 3927 οῦκ
2014 3853 2146 3928 οἶδ’
2194 3852 2427 3944 [οπως]
2474 3851 2739 3940 οποίοις
2768 3852 3159 3946 ὀφθαλμοῖς
3196 3851 3343 3937 οἶός

722 3986 797 4027 τε
862 3960 948 4044 ἠν
995 3953 1425 4049 ἀντιβλέπειν
1466 3954 1508 4046 ἢ
1553 3964 1779 4039 ποίοις
1821 3965 2107 4044 χείλεσιν
2154 3954 2739 4046 ἀντιφθέγγεσθαι
2784 3976 2931 4039 ταῖς
2977 3954 3341 4036 τοσαύταις

622 4069 688 4123 35
722 4064 830 4129 571·
883 4064 1293 4145 μαρτυρίαις.
1380 4063 1494 4127 καὶ
1555 4064 1707 4142 φῶς
1768 4061 1838 4126 δὲ
1882 4052 2096 4127 αυτὸν
2141 4058 2312 4125 εἶναι
2358 4052 2395 4126 ὁ
2440 4056 2673 4146 σωτὴρ
2725 4063 3018 4143 παρίστη
3070 4054 3341 4142 συμφώ·
3376 4064 3447 4119 23

723 4182 866 4237 νως
910 4174 1056 4237 τοῖς
1095 4162 1249 4243 περὶ
1291 4162 1418 4225 τοῦ
1461 4154 1698 4242 φωτὸς
1740 4162 2327 4242 προαποδοθεῑσιν
2381 4161 2604 4243 λέγων
2662 4156 2831 4243 »ἐγω
2888 4161 3017 4243 εἰμι
3058 4153 3143 4224 τὸ
3189 4160 3341 4239 φῶς

893 4324 928 4378 5
965 4323 1089 4378 Joh.
1125 4327 1172 4389 3,
1212 4325 1275 4379 16
1309 4353 1376 4363 —
1415 4326 1449 4380 7
1486 4324 1608 4380 Joh.
1645 4326 1695 4392 3,
1733 4326 1796 4379 17
1831 4355 1899 4364 -
1935 4326 1971 4381 8
2007 4325 2130 4381 Joh.
2167 4328 2216 4392 3,
2256 4327 2320 4381 18
2354 4356 2421 4365 —
2470 4326 2548 4381 10
2584 4326 2610 4379 1
2645 4325 2768 4379 Joh.
2802 4328 2856 4391 4,
2892 4328 2957 4380 14
2992 4353 3059 4363 —
3097 4323 3175 4378 14
3214 4321 3337 4378 Joh.

725 4426 807 4493 10,
843 4427 1046 4481 34—36
1080 4454 1147 4465 —
1185 4426 1261 4482 25
1298 4426 1420 4480 ³012.
1460 4427 1540 4493 10,
1575 4428 1643 4483 36
1676 4457 1743 4466 -
1776 4426 1853 4481 36
1889 4426 2012 4482 Joh.
2047 4428 2097 4493 8,
2135 4428 2201 4482 12

898 4579 927 4632 1
965 4578 1066 4631 καὶ
1100 4594 1156 4629 m
1221 4578 1229 4645 Ι
1297 4576 1371 4631 18
1409 4574 1579 4647 φάσει
1615 4576 1682 4643 V,
1719 4593 1855 4630 corr.
1892 4594 1949 4630 m
2012 4578 2021 4645 Ι
2090 4576 2163 4631 15
2201 4573 2257 4631 εἰ
2286 4594 2343 4629 m
2380 4578 2493 4647 vgl.
2529 4576 2623 4631 NT
2677 4579 2683 4643 Ι
2749 4577 2821 4632 27
2864 4574 3041 4645 λόγον
3074 4586 3159 4627 mr
3206 4568 3343 4628 ὅλον

727 4678 774 4731 V
841 4680 849 4747 Ι
917 4679 995 4733 29
1033 4674 1205 4733 αὐτὸν
1241 4678 1290 4731 V
1355 4679 1364 4746 Ι
1431 4678 1508 4732 83
1545 4672 1702 4743 ὅπως
1735 4680 1829 4731 str.
1868 4676 1941 4730 Kl
2004 4678 2014 4745 Ι
2078 4677 2160 4733 84
2194 4676 2230 4730 1.
2270 4674 2536 4742 ὁποίοιςῗ
2601 4678 2609 4745 Ι
2674 4676 2749 4732 85
2788 4674 2963 4733 αὐτὸν
2998 4676 3049 4731 V
