3694 5582
1347 484 1542 536 eontra
1573 483 1901 538 Marcellum
1936 481 1989 536 ΙΙ
2023 482 2071 537 2.
2950 493 3029 556 37

540 651 678 732 (Nr.
708 653 813 734 47)
859 642 943 717 ἵν’
989 651 1064 718 ἒν
1104 652 1226 735 μὲν
1267 652 1370 736 τῷ
1418 653 1626 736 φῆσαι
1677 650 1785 718 »ἐν
1828 643 1998 735 α’ρχῇ
2042 635 2129 735 ἦν
2173 640 2211 717 ό
2243 641 2480 735 λόγος(
2528 652 2711 736 δείξῃ
2756 647 3031 740 δυνάμει

539 750 614 819 ἐν
657 753 759 837 τῷ
805 753 1011 833 πατρὶ
1055 745 1226 817 εἶναι
1271 747 1398 820 τὸν
1441 744 1653 836 λόγον
1697 749 1840 834 ([ἑν]
1888 742 2054 836 ἀρχὴ
2099 744 2228 835 γὰρ
2272 743 2611 819 ἁπάντων
2654 753 2804 818 τῶν
2845 777 3029 839 γεγο-

537 845 772 920 νότων
816 841 853 918 ό
897 845 1060 928 θεὸς
1109 850 1214 931 »ἐξ
1259 838 1340 918 οὗ
1382 846 1472 918 τὰ
1513 845 1831 934 πάνται),
1878 851 1951 918 ἐν
1993 851 2065 917 δὲ
2111 853 2211 936 τῷ
2263 854 2409 918 »καὶ
2441 841 2479 919 0‘
2510 844 2712 936 λόγος
2740 839 2829 936 ἦν
2854 849 3029 940 πρὸς

538 946 665 1019 τὸν
706 945 910 1019 θεὸν(
962 950 1256 1037 ἐνεργείᾳ
1297 944 1469 1035 πρὸς
1499 945 1628 1018 τὸν
1669 945 1841 1018 θεὸν
1886 949 2059 1019 εἶναι
2100 947 2229 1018 τὸν
2274 945 2483 1035 λόγον
2526 943 2858 1036 (ιπάνται
2904 949 3028 1038 γὰρ

347 1059 379 1114 5
539 1041 660 1118 »δι’
707 1042 919 1118 αύτοῦ
961 1050 1246 1134 ἐγένετο,
1298 1054 1409 1117 καὶ
1450 1053 1652 1136 χωρὶς
1699 1043 1913 1119 αύτοῦ
1955 1051 2220 1136 ἐγένετο
2267 1043 2423 1119 ούδὲ
2466 1047 2628 1134 gu),
2688 1051 2763 1119 ἐν
2808 1053 2879 1120 δὲ
2924 1054 3026 1139 τῷ
3066 1065 3130 1120 13

534 1143 707 1217 θεὸν
748 1148 922 1219 εἶναι
966 1144 1096 1218 τὸν
1138 1142 1348 1234 λόγον
1393 1151 1722 1235 εἰρηκέναι
1766 1146 1856 1236 μὴ
1902 1153 2179 1234 διαιρεῖν
2221 1145 2353 1235 τὴν
2403 1143 2733 1232 θεότητα,
2797 1146 3027 1237 ἐπειδὴ

536 1241 574 1317 ό
619 1241 822 1336 λόγος
865 1273 940 1317 τε
984 1250 1060 1317 ἐν
1101 1242 1293 1337 αύτῷ
1336 1252 1446 1316 καὶ
1491 1243 1698 1328 αὐτὸς
1741 1251 1818 1318 ἐν
1863 1253 1965 1335 τῷ
2012 1243 2223 1336 λόγῳ·
2275 1251 2385 1320 »ἐν
2428 1251 2606 1337 ἐμοὶ(
2656 1244 2783 1338 γάρ
2823 1274 3027 1338 φησιν

540 1339 616 1415 »ὁ
659 1343 910 1435 πατήρ,
955 1342 1146 1434 κᾶγοὸ
1189 1349 1265 1416 ἐν
1307 1352 1410 1437 τῷ
1453 1354 1723 1436 πατρίι.

407 1449 520 1514 καὶ
565 1449 665 1516 ἔτι
708 1444 984 1528 τούτοις
1013 1453 1490 1535 προστίθησιν,
1536 1442 1953 1536 ἀπογυμνῶν
1998 1444 2126 1517 τὸν
2168 1449 2345 1518 ἴδιον
2390 1451 2555 1518 νοῦν
2600 1443 2683 1517 δι’
2730 1438 2833 1518 ὦν
2878 1449 3029 1538 ἑξῆς

313 1554 376 1608 10
407 1541 658 1632 ἐπάγει,
704 1550 926 1633 λέγων

535 1647 670 1730 (Nr.
717 1653 820 1730 28)
885 1639 923 1714 ὁ
988 1651 1228 1716 τοίνυν
1286 1646 1466 1735 ἱερὸς
1527 1640 1917 1726 ἀπόστολος
1977 1673 2051 1716 τε
2111 1652 2224 1717 καὶ
2267 1644 2582 1736 μαθητὴς
2624 1651 2753 1717 τοῦ
2794 1654 3031 1736 κυρίου

531 1740 845 1833 Ἰωάννης
888 1750 1013 1833 τῆς
1055 1740 1444 1833 ἀιδιότητος
1483 1741 1701 1816 αὐτοῦ
1745 1742 2193 1834 μνημονεύων
2245 1741 2509 1835 ἀληθὴς
2551 1750 2854 1835 ἐγίγνετο
2899 1751 3027 1818 τοῦ

532 1841 742 1933 λόγου
781 1841 1054 1934 μάρτυς,
1105 1848 1217 1915 »ἐν
1259 1841 1426 1933 ἀρχῇ
1473 1837 1558 1932 ἦν
1589 1839 1626 1916 ό
1659 1841 1898 1933 λόγος(
1950 1850 2171 1933 λέγων
2220 1851 2367 1916 »καὶ
2413 1840 2450 1917 ὁ
2496 1841 2696 1933 λόγος
2738 1837 2825 1934 ἦν
2852 1843 3027 1933 πρὸς

532 1940 661 2015 τὸν
701 1941 892 2028 θεόν,
935 1949 1046 2014 καὶ
1088 1942 1252 2028 θεὸς
1296 1937 1382 2033 ἦν
1427 1939 1464 2015 ό
1497 1940 1758 2033 λόγοςι.
1831 1939 2029 2017 οὐδὲν
2071 1949 2385 2033 γενέσεως
2431 1948 2735 2016 ἐνταῦθα
2778 1972 3024 2034 μνημο-
3060 1956 3127 2008 14

313 2053 372 2105 15
533 2043 751 2115 νεύων
797 2049 924 2114 τοῦ
965 2039 1203 2132 λόγου,
1267 2039 1413 2116 ἀλλ’
1460 2042 1873 2133 ἐπαλλήλοις
1932 2050 2152 2133 τρισὶν
2213 2051 2603 2131 μαρτυρίαις
2657 2042 3025 2134 χρώμενος,

533 2147 838 2229 ἐβεβαίου
879 2145 954 2214 ἐν
997 2139 1168 2232 ἀρχῇ
1213 2144 1340 2215 τὸν
1381 2139 1594 2232 λόγον
1633 2143 1820 2216 εἶναι.

404 2249 518 2313 καὶ
563 2250 1021 2331 προστίθησιν
1065 2242 1341 2327 τούτοις
1384 2249 1604 2332 λέγων

529 2345 672 2430 (Nr.
703 2351 808 2428 61)
854 2341 984 2431 τὴν
1022 2347 1146 2432 μὲν
1187 2341 1364 2414 κατὰ
1407 2340 1621 2432 σάρκα
1665 2348 2063 2433 οἰκονομίαν
2124 2348 2226 2432 τῷ
2281 2336 2639 2431 ἀνθρώπῳ
2686 2347 3026 2428 διαφέρειν

527 2441 1018 2532 γιγνώσκομεν,
1081 2440 1212 2533 τὴν
1273 2449 1346 2513 δὲ
1389 2441 1564 2514 κατὰ
1608 2447 1873 2532 πνεῦμα
1916 2438 2271 2530 ἀιδιότητα
2316 2437 2629 2532 ἡνῶσθαι
2671 2447 2772 2528 τῷ
2818 2446 3027 2527 πατρὶ

309 2545 374 2600 20
527 2539 1084 2630 πεπιστεύκαμεν.

407 2638 687 2721 τούτοις
729 2641 1001 2728 προϊὼν
1046 2643 1194 2731 ἑξῆς
1215 2646 1530 2732 ,ἐπιλέγει
1575 2648 1792 2715 ταῦτα
3064 2648 3130 2702 15

529 2743 669 2825 (Nr.
700 2747 804 2828 64)
866 2746 924 2813 εἰ
985 2733 1111 2815 οὖν
1170 2738 1378 2827 αύτὸς
1427 2747 1605 2832 λέγει
1658 2747 1877 2813 ταῦτα
1926 2741 2095 2831 »ἐγώ
2141 2743 2215 2813 ἐκ
2258 2746 2386 2814 τοῦ
2428 2739 2689 2832 πατρὸς
2732 2743 3029 2831 ἐξῆλθον

527 2848 642 2913 καὶ
687 2837 897 2931 ἥκωα,
957 2849 1070 2923 καὶ
1128 2834 1328 2925 αὖθις
1395 2852 1544 2915 »καὶ
1603 2836 1642 2913 o‘
1695 2839 1915 2930 λόγος,
1962 2835 2044 2913 ὃν
2088 2838 2390 2926 ἀκούετε,
2453 2838 2578 2913 ούκ
2622 2845 2809 2913 ἔστιν
2852 2837 3027 2930 ἐμός,

531 2935 711 3013 ἀλλὰ
755 2948 880 3013 τοῦ
921 2937 1320 3031 πέμψαντός
1363 2970 1442 3033 με
1484 2938 1785 3032 πατρόςι
1852 2950 1967 3013 καὶ
2032 2938 2297 3013 »πάντα
2350 2935 2475 3013 ὅσα
2537 2942 2667 3029 ἔχει
2721 2935 2759 3012 o‘
2802 2939 3031 3029 πατὴρ

305 3042 370 3099 25
530 3038 658 3129 ἐμά
702 3044 956 3125 ἐστινι,
1021 3048 1233 3131 δῆλον
1293 3035 1406 3113 ὅτι
1449 3039 1736 3123 εἰκότως
1777 3036 2055 3113 κάκεῖνο
2100 3044 2329 3130 ἔλεγεν
2378 3044 2488 3112 »ἐν
2530 3044 2677 3129 ἐμοὶ
2721 3034 2760 3111 ό
2802 3038 3032 3130 πατὴρ

527 3135 722 3229 κᾶγώ
768 3145 843 3212 ἐν
885 3148 990 3231 τῷ
1035 3150 1304 3231 πατρίς,
1359 3145 1470 3213 ἵνα
1521 3146 1594 3213 ἐν
1654 3147 1804 3230 θεῷ
1865 3146 1987 3231 μὲν
2029 3134 2071 3229 ᾖ
2119 3136 2158 3212 ό
2203 3136 2406 3230 λόγος
2451 3135 2490 3212 ὁ
2533 3143 2746 3211 τοῦτο
2789 3144 3032 3225 λέγων,

529 3243 610 3313 ἐν
653 3245 726 3313 δὲ
770 3247 872 3331 τῷ
920 3236 1106 3330 λόγῳ
1153 3236 1192 3313 ό
1235 3238 1482 3331 πατήρ,
1529 3234 1638 3313 ὅτι
1669 3239 1949 3330 δύναμις
1981 3246 2109 3312 τοῦ
2136 3237 2398 3327 πατρὸς
2428 3234 2465 3311 ὅ
2498 3237 2719 3327 λόγος.
2784 3243 3026 3309 »θεοῦι
3068 3251 3137 3308 16

532 3337 664 3428 γὰρ
707 3334 922 3409 αύτὸν
967 3338 1292 3430 »δύναμιν
1331 3348 1446 3413 καὶ
1488 3347 1659 3413 θεοῦ
1708 3346 1992 3427 σοφίανι
2043 3335 2438 3425 ἀξιόπιστος
2468 3343 2732 3427 ε’ίρηκεν
2762 3334 3031 3425 μάρτυς.

531 3433 619 3509 ού
647 3437 774 3512 διὰ
807 3438 955 3529 τὴν
983 3443 1068 3510 ἐν
1111 3432 1405 3512 ἅπασιν
1449 3433 1576 3513 οὖν
1617 3436 1893 3531 λόγοις
1935 3468 2018 3511 τε
2062 3446 2193 3510 καὶ
2224 3442 2494 3528 ἔργοις
2522 3434 2808 3527 ἀκριβῆ
2853 3459 3035 3527 συμ-

307 3546 372 3603 30
533 3547 880 3627 φωνίαν,
929 3536 1024 3623 αἶς
1051 3534 1386 3629 Ἀστέριος
1433 3544 1584 3630 ἔφη,
1630 3536 1668 3613 ὅ
1700 3539 1969 3631 σωτὴρ
2012 3544 2224 3628 λέγει
2270 3537 2469 3628 »ἐγώ
2515 3544 2645 3609 καὶ
2691 3532 2731 3609 ὅ
2768 3536 3035 3627 πατὴρ

538 3641 624 3711 ἓν
663 3642 975 3728 ἐσμενι,
1020 3634 1192 3712 α’λλά
1237 3638 1416 3713 διότι
1460 3636 1806 3713 ἀδύνατόν
1850 3644 2055 3723 ἐστιν,
2100 3632 2143 3729 ἢ
2188 3633 2397 3727 λόγον
2440 3641 2611 3709 θεοῦ
2650 3642 2762 3711 42¹
2790 3632 2833 3726 ἢ
2862 3636 3037 3709 θεὸν

539 3744 670 3811 τοῦ
713 3739 960 3813 ἑαυτοῦ
1003 3748 1385 3830 μερίζεσθαι
1425 3737 1650 3831 λόγου.
1737 3743 1885 3812 ἐπεὶ
1927 3744 1987 3809 εἰ
2028 3736 2157 3809 διὰ
2199 3736 2348 3827 τὴν
2392 3740 2475 3809 ἐν
2518 3730 2813 3809 ἅπασιν
2850 3759 3035 3825 συμ-

537 3846 860 3926 φωνίαν
906 3844 1119 3911 τοῦτο
1163 3844 1502 3930 εἰρηκέναι
1561 3839 1690 3913 τὸν
1751 3844 2032 3929 σωτῆρα
2075 3834 2407 3927 Ἀστέριος
2470 3840 2713 3922 οἴεται,
2773 3842 2885 3908 καὶ
2944 3833 3037 3926 μὴ

591 4060 623 4115 1
678 4058 953 4127 Joh.1‚1
1005 4090 1074 4099 —
1126 4060 1164 4116 8
1217 4062 1560 4127 1K01.8,6
1611 4092 1678 4101 —
1730 4060 2109 4125 Joh.1,1—
2163 4058 2203 4115 4
2256 4058 2533 4123 Joh.1‚3
2583 4088 2651 4098 —
2705 4058 3037 4125 610h.1,1

413 4192 479 4201 —
539 4162 570 4218 7
629 4161 751 4217 Joh.
788 4163 872 4228 10,
907 4160 976 4217 38
1025 4190 1094 4201 --
1149 4162 1225 4218 18
1279 4163 1402 4219 Joh.
1439 4167 1488 4232 1,
1527 4165 1554 4217 1
1607 4192 1675 4203 —
1729 4163 1806 4218 22
1863 4162 1985 4218 Joh.
2022 4162 2072 4228 8,
2109 4162 2179 4217 42
2229 4189 2294 4200 -
2350 4160 2430 4217 28
2474 4160 2596 4216 Joh.
2634 4163 2715 4223 14,
2752 4161 2821 4215 24
2854 4190 2921 4199 —
2958 4158 3040 4215 24

413 4261 540 4319 Joh.
579 4264 663 4329 16,
697 4264 766 4318 15
815 4292 883 4302 —
937 4262 1014 4319 25
1059 4262 1184 4319 Joh.
1220 4266 1302 4329 10,
1339 4266 1408 4320 38
1455 4293 1524 4306 —-
1578 4265 1650 4320 27
1711 4264 1736 4318 1
1771 4264 1903 4319 Kor.
1942 4266 1989 4326 1,
2026 4263 2093 4317 24
2136 4292 2203 4301 —
2258 4261 2399 4317 2911
2445 4260 2557 4331 vgl.
2594 4260 2685 4315 Nr.
2724 4262 2791 4317 63
2840 4290 2908 4301 —
2960 4259 3045 4315 30

415 4364 542 4419 Joh.
581 4365 666 4433 10,
701 4364 770 4421 30

593 4566 628 4621 2
667 4560 731 4619 ἐν
765 4576 830 4623 <
868 4565 995 4620 and.
1031 4568 1110 4621 st..
1162 4568 1172 4635 Ι
1231 4567 1259 4624 7
1301 4585 1362 4623 τε
1399 4566 1524 4620 and.
1563 4566 1641 4622 St.
1675 4564 1744 4619 τὸ
1782 4564 1829 4618 V
1884 4568 1893 4634 Ι
1948 4560 2119 4631 αὐτὸς
2150 4565 2279 4620 and.
2314 4565 2391 4620 St.
2428 4554 2595 4629 οὗτος
2631 4563 2680 4616 V
2732 4566 2743 4631 1
2796 4564 2875 4619 26
2898 4559 3051 4631 μένῃ

417 4678 502 4719 mr
549 4666 658 4736 vgl.
696 4664 819 4720 Joh.
857 4671 940 4733 14,
977 4670 1044 4725 10
