3694 5582
649 500 732 562 2ss
1825 487 2095 542 Eusebius

779 652 1151 742 ραδόσεως,
1199 653 1284 724 τὰ
1323 659 1394 724 δὲ
1446 655 1712 736 ἔξωθεν
1755 659 1905 722 τῶν
1944 659 2161 723 θείων
2200 653 2741 744 προτιμήσαντες
2784 649 3071 726 τοιαῦτά
3113 681 3270 723 τινα

781 751 1038 844 γράψαι
1079 781 1155 824 τε
1199 761 1312 824 καὶ
1341 748 1600 837 διδάξαι
1625 747 2027 840 ἐτόλμησαν.
2072 750 2117 822 ἃ
2158 749 2361 824 οὐδὲν
2410 757 2707 828 ἔλαττον
2749 759 2871 843 τῆς
2914 761 3062 824 τῶν
3104 780 3271 839 προ-

779 860 1154 943 ειρημένων
1195 857 1414 941 ἔχεται
1455 849 1736 938 πλάνης.

654 961 766 1024 καὶ
810 949 964 1041 μεθ’
1009 953 1204 1042 ἕτερα
1245 955 1535 1041 ἐπιλέγει
3304 969 3371 1024 39

589 1069 622 1121 5
781 1057 920 1138 (Nr.
963 1060 1069 1140 71)
1129 1053 1432 1140 ἐντυχών
1503 1051 1630 1140 γὰρ
1693 1059 2081 1138 Ναρκίσσου
2150 1059 2279 1125 τοῦ
2338 1051 2779 1140 Νερωνιάδος
2836 1060 3275 1140 προεστῶτος

783 1157 1137 1240 ἐπιστολῇ,
1199 1151 1286 1242 ἢν
1333 1157 1670 1240 γέγραφεν
1727 1153 1903 1238 πρὸς
1966 1151 2287 1242 Χρηστόν
2345 1181 2501 1224 τινα
2560 1160 2673 1222 καὶ
2716 1148 3107 1241 Εύφρόνιον
3166 1159 3275 1222 καὶ

787 1249 1136 1340 Εύσέβιον,
1197 1249 1304 1333 ῶς
1361 1247 1614 1322 Ὁσίου
1671 1259 1816 1322 τοῦ
1876 1251 2323 1324 ἐπισκόπου
2378 1249 2939 1340 ἐρωτήσαντος
3000 1248 3275 1336 αύτόν,

786 1355 877 1438 εί,
943 1351 1208 1438 ὥσπερ
1253 1349 1634 1435 Εύσέβιος
1687 1349 1728 1423 6
1771 1359 1915 1442 τῆς
1956 1361 2499 1440 Παλαιστίνης
2558 1351 2699 1422 δύο
2760 1348 3035 1435 ούσίας
3076 1353 3277 1422 εἶναί

789 1478 1058 1541 φησιν,
1120 1445 1382 1533 οὕτως
1437 1458 1568 1522 καὶ
1621 1449 1865 1535 αύτὸς
1910 1460 2163 1542 λέγοι.
2226 1456 2449 1540 ἔγνων
2490 1448 2707 1524 αὐτόν
2748 1447 2886 1523 άπὸ
2932 1457 3083 1532 τῶν
3124 1479 3277 1540 γρα-

561 1565 628 1620 10
789 1559 1068 1638 φέντων
1112 1569 1328 1638 τρεῖς
1371 1552 1578 1622 εἶναι
1621 1553 2033 1624 πιστεύειν
2074 1549 2345 1633 ούσίας
2388 1547 2951 1640 ἀποκρινόμενον.
3088 1589 3169 1632 W,

663 1647 858 1722 ταῦτ’
901 1652 1120 1722 είπῶν
1161 1647 1300 1722 άπὸ
1345 1656 1474 1722 τοῦ
1516 1659 1905 1738 Ναρκίσσου
1946 1657 2055 1723 ἐπὶ
2098 1649 2229 1722 τὸν
2274 1647 2597 1736 Εύσέβιον
2636 1658 3039 1740 μεταβαίνει,
3080 1677 3283 1738 κατη-

666 1759 896 1874 γορῶν
939 1779 1050 1820 οτι
1093 1749 1220 1822 τὸν
1263 1748 1478 1840 λόγον
1519 1758 1646 1822 τοῦ
1689 1759 1859 1823 θεοῦ
1902 1751 2077 1822 θεὸν
2118 1753 2289 1822 εἶναι
2342 1745 2675 1839 ὁμολογεῖ.
2763 1747 3007 1837 γράφει
3058 1755 3130 1820 δὲ
3170 1754 3281 1819 καὶ
3316 1765 3387 1819 40

630 1859 818 1943 περὶ
861 1846 1076 1922 αύτοῦ
1118 1858 1338 1922 ταῦτα

602 1943 613 1950 ”
793 1954 932 2036 (Nr.
983 1955 1090 2036 72)
1153 1955 1398 2022 διελεῖν
1458 1951 1584 2039 γὰρ
1629 1947 1760 2020 τὸν
1812 1947 2027 2036 λόγον
2076 1956 2205 2021 τοῦ
2248 1955 2417 2020 θεοῦ
2470 1947 2811 2038 τολμήσας
2852 1953 2961 2018 καὶ
3008 1947 3286 2036 ἕτερον

565 2063 634 2116 15
675 2099 680 2106 ·
793 2047 988 2120 θεὸν
1015 2049 1146 2121 τὸν
1173 2047 1384 2136 λόγον
1413 2045 1762 2140 ὀνομάσαι,
1807 2046 2037 2141 ούσίᾳ
2078 2078 2161 2120 τε
2188 2055 2318 2120 καὶ
2348 2046 2675 2137 δυνάμει
2703 2054 3103 2119 διεστῶτα
3146 2053 3290 2117 τοῦ

791 2145 1122 2236 πατρός,
1185 2155 1280 2234 εἰς
1329 2175 1500 2238 οσην
1547 2158 1983 2238 βλασφημίαν
2042 2153 2485 2220 ἐκπέπτωκεν
2545 2151 2811 2219 ἔνεστιν
2870 2154 3109 2233 σαφῶς
3172 2141 3286 2219 ἄπ’

793 2245 1028 2319 αὐτῶν
1070 2256 1218 2320 τῶν
1261 2245 1374 2319 ὑπ’
1417 2245 1634 2320 αύτοῦ
1675 2256 2089 2338 γραφέντων
2132 2250 2369 2337 ῥητῶν
2412 2249 2667 2340 ῥᾳδίως
2706 2244 3099 2336 μανθάνειν.
3185 2253 3286 2335 γέ·
3320 2269 3391 2319 41

791 2377 1052 2438 γραφεν
1111 2345 1170 2418 δ’
1223 2344 1460 2432 αύταῑς
1501 2354 1760 2434 λέξεσιν
1819 2375 2069 2429 ουτως·
2156 2343 2247 2418 ού
2308 2344 2563 2436 δήπου
2622 2353 2701 2417 δὲ
2760 2343 2803 2436 ἦ
2866 2347 3109 2417 εἰκῶν
3160 2354 3287 2416 καὶ

795 2447 888 2518 τὸ
931 2439 1024 2518 οὗ
1065 2451 1290 2518 ἐστιν
1333 2445 1374 2536 ἡ
1417 2449 1659 2518 εἰκῶν
1703 2451 1786 2518 ἓν
1825 2455 1957 2518 καὶ
2002 2443 2305 2518 ταύτόν
2360 2451 2841 2519 ἐπινοεῖται,
2903 2441 3101 2516 ἀλλὰ
3150 2443 3287 2517 δύο

567 2567 637 2623 20
793 2553 936 2634 μὲν
991 2544 1254 2618 ούσίαι
1313 2553 1442 2618 καὶ
1505 2545 1644 2620 δύο
1705 2545 2125 2636 πράγματα
2184 2554 2315 2616 καὶ
2366 2546 2505 2618 δύο
2552 2543 2947 2635 δυνάμεις,
3010 2543 3117 2628 ῶς
3160 2553 3287 2616 καὶ

794 2652 1180 2718 τοσαῦται
1220 2653 1765 2735 προσηγορίαι.

669 2757 780 2817 καὶ
827 2751 1044 2817 ταῦτα
1087 2742 1186 2828 ὥς
1225 2752 1456 2829 καλῶς
1499 2741 1891 2831 διαβάλλων
1932 2752 2385 2834 προστίθησιν
2425 2753 2645 2833 λέγων
3322 2759 3407 2814 26

795 2850 932 2926 (Nr.
965 2852 1068 2935 75)
1104 2852 1258 2928 πῶς
1295 2838 1423 2918 οὖν
1465 2842 1548 2918 ού
1589 2846 1720 2935 τὴν
1763 2842 1981 2935 αύτὴν
2024 2837 2219 2916 οὗτοι
2264 2866 2409 2928 τοῖς
2452 2850 2709 2932 ἔξωθεν
2750 2854 3079 2935 κακίστην
3122 2840 3289 2917 ὁδὸν

795 2952 1164 3032 τραπέντες
1215 2946 1304 3017 τὰ
1345 2942 1522 3017 αύτὰ
1563 2943 1824 3030 διδάξαί
1878 2975 1947 3015 τε
2011 2953 2123 3017 καὶ
2186 2944 2443 3035 γράψαι
2500 2940 2921 3033 προῦθεντο,
2984 2950 3113 3017 τοῦ
3166 2950 3289 3033 μὲν

571 3066 638 3121 25
799 3041 1123 3130 Εὖσεβίου
1153 3042 1588 3133 Ούαλεντίνῳ
1636 3072 1710 3116 τε
1749 3052 1863 3116 καὶ
1890 3042 2093 3133 Ἑρμῇ
2136 3039 2389 3135 ὁμοίως
2418 3042 2787 3134 εἰρηκότος,
2833 3050 2963 3116 τοῦ
3004 3050 3077 3114 δὲ
3108 3050 3287 3132 Ναρ-

796 3152 1030 3215 κίσσου
1069 3151 1428 3232 ΙθῙαρκίωνί
1470 3174 1544 3214 τε
1585 3151 1698 3215 καὶ
1741 3142 2095 3229 Πλάτωνι,
2086 3172 2101 3183 ·

675 3238 804 3313 εἶθ’
847 3243 998 3331 ἑξῆς
1041 3242 1308 3331 μακρὰν
1351 3251 1464 3315 καὶ
1507 3240 1877 3331 ἀδόλεσχον
1920 3240 2507 3333 ἀπεραντολογίαν
2542 3251 2846 3333 συνείρει,
2892 3241 3179 3329 φάσκων
3218 3245 3291 3328 ἐξ
3320 3263 3395 3317 42

675 3336 884 3429 ἀκοῆς
925 3349 1385 3433 μεμαθηκέναι
1429 3341 1560 3413 τὸν
1589 3338 1917 3425 Εύσέβιον
1962 3340 2371 3433 ὡμιληκέναι
2401 3342 2557 3415 τινὰ
2596 3348 2671 3415 ἐν
2716 3349 3077 3435 Λαοδικεία
3118 3346 3289 3414 ποτὲ

675 3439 1066 3528 γενόμενον,
1127 3448 1234 3513 καὶ
1297 3449 1452 3531 περὶ
1515 3469 1621 3512 ων
1673 3439 1796 3514 οὐκ
1841 3439 2177 3533 ἠπίστατο
2234 3474 2331 3525 ως
2372 3448 2443 3528 ἐξ
2484 3439 2697 3532 ἀκοῆς
2736 3444 2990 3532 μαθών
3030 3439 3289 3531 γράφει,

573 3564 642 3615 3ο
675 3548 788 3610 καὶ
831 3540 1271 3613 ἐπισυνάπτει
1315 3550 1538 3630 λέγων

801 3643 939 3727 (Nr.
971 3648 1075 3729 88)
1105 3647 1264 3713 δέον
1306 3639 1640 3713 τάναντία
1682 3638 1851 3729 μετὰ
1895 3640 2211 3729 δακρύων
2254 3670 2329 3712 τε
2358 3669 2469 3710 και
2498 3647 2801 3722 πένθους
2842 3638 3016 3727 πρὸς
3058 3638 3293 3728 κύριον

801 3745 970 3823 βοᾶν
1044 3736 1496 3829 »ἦμάρτομεν,
1568 3737 2007 3829 ἧσεβήσαμεν,
2080 3737 2579 3831 ἧνομήσαμενι,
2647 3748 2759 3810 καὶ
2828 3738 2913 3809 τὸ
2984 3736 3295 3827 πονηρὸν

803 3838 1105 3910 ἐνώπιόν
1173 3864 1296 3911 σου
1356 3838 1792 3929 ἐποιήσαμεν,
1855 3848 1969 3911 καὶ
2032 3846 2157 3912 νῦν
2216 3839 2669 3929 μεταγνόντες
2738 3844 2863 3927 τῆς
2921 3834 3109 3926 παρά
3174 3864 3296 3909 σου

805 3958 1030 4027 τυχεῖν
1089 3934 1404 4027 άξιοῦμεν
1467 3949 2011 4027 φιλανθρωπίας.
2114 3938 2311 4011 ταῦθ’
2384 3968 2726 4029 ηρμοττεν
2786 3934 3009 4029 αύτῷ,
3080 3942 3297 4007 ταῦτα
3325 3950 3400 4003 43

577 4058 644 4111 35
804 4045 1170 4127 συνέφερεν
1232 4044 1451 4126 λέγειν
1503 4036 1612 4111 διὰ
1657 4038 1786 4128 τὴν
1829 4039 2132 4128 ἄμετρον
2174 4046 2301 4111 τοῦ
2344 4044 2517 4110 θεοῦ
2554 4034 2989 4127 χρηστότητα
3034 4044 3149 4107 καὶ
3194 4064 3299 4123 φι-

805 4144 1276 4223 λανθρωπίαν.
1365 4145 1591 4209 καίτοι
1664 4132 2063 4210 ἀκόλουθον
2107 4142 2192 4228 ἦν
2234 4138 2363 4209 τόν
2402 4138 2575 4225 μετὰ
2620 4142 3149 4227 φιλανθρωπίας
3189 4142 3298 4206 καὶ

850 4306 929 4362 82
967 4306 1106 4361 Dan.
1141 4309 1191 4375 9,
1227 4304 1378 4363 156¹
1397 4308 1428 4360 ⁸?
1463 4338 1530 4347 —
1567 4308 1686 4364 851
1713 4308 1821 4362 Tit.
1856 4311 1906 4373 3,
1940 4312 1975 4361 4

855 4457 973 4512 171
1019 4430 1311 4530 γέγραφεν
1347 4490 1409 4499 --
1451 4453 1632 4524 οὕτως
1685 4458 1768 4513 als
1811 4458 2096 4513 Eusebius’
2134 4458 2327 4513 Worte
2378 4476 2435 4513 m
2470 4477 2509 4528 g
2554 4460 2565 4525 1
2612 4458 2691 4513 20
2752 4448 2837 4512 ὧν
2882 4474 2939 4510 m
2984 4458 2995 4524 Ι
3040 4456 3122 4512 28
3184 4462 3303 4519 τοῖς

681 4578 710 4613 ι·
741 4564 841 4627 τῆς
877 4558 928 4613 V
975 4561 984 4625 Ι
1041 4558 1112 4613 27
1173 4566 1482 4631 συνηγορεῖ
1511 4558 1578 4627 V,
1615 4576 1748 4615 corr.
1784 4559 1891 4615 We
1924 4560 2039 4629 vgl.
2074 4560 2125 4615 S.
2162 4562 2245 4621 27,
2284 4564 2351 4617 33
2398 4560 2407 4627 Ι
2456 4560 2533 4615 82
2580 4558 2668 4629 τὸ]
2704 4556 2805 4614 τὸν
2840 4556 2899 4612 V
2942 4561 2953 4627 Ι
3000 4558 3081 4616 86
3134 4556 3235 4613 τὸν
3267 4572 3305 4624 g

683 4659 748 4715 τὸ
787 4660 836 4713 V
873 4657 940 4715 οὐ
975 4659 1068 4714 Mo
1115 4662 1124 4728 Ι
1173 4660 1628 4732 φιλανθρωπίας]
1666 4676 1730 4726 -ι-
1768 4658 1912 4717 ἀλλά
1950 4662 2042 4716 Mo
