3694 5582
709 501 746 562 8
1884 489 2152 545 Eusebius

710 651 924 742 νόμον
961 649 1080 724 »δι’
1112 649 1454 742 ἀγγέλων(
1491 650 1911 741 ἀνθρώποις.
1974 647 2011 724 ὃ
2043 651 2125 740 δὴ
2155 649 2496 724 διδάσκων
2525 655 2596 735 ἐξ
2624 655 2885 722 ἐκείνου
2912 650 3075 732 τοὺς
3104 651 3327 739 ἀγνῶ-

711 784 832 836 τας
874 759 988 824 καὶ
1033 750 1314 842 ἀμαθεῖς
1355 759 1478 841 τῆς
1522 759 1648 824 τοῦ
1687 757 1839 824 υἱοῦ
1882 759 2051 824 θεοῦ
2092 759 2449 839 θεολογίας
2494 747 2533 822 ὁ
2578 747 2963 833 ἀπόστολος
2994 755 3325 838 ἐπεσφρα·

709 862 930 942 γίζετο
976 857 1199 941 λέγων
1248 847 1322 923 »ὁ
1367 859 1440 923 δὲ
1480 863 1748 942 μεσίτης
1793 852 1949 936 ἑνὸς
1992 850 2119 924 οὐκ
2154 857 2397 924 ἔστινι.
2483 846 2566 922 οῦ
2609 850 2733 940 γὰρ
2788 853 2918 940 ἔχει
2972 849 3176 937 φύσιν
3218 845 3324 936 ἐφ’

711 949 862 1034 ἑνὸς
907 950 1032 1022 τὸν
1073 958 1352 1040 μεσίτην
1395 947 1757 1040 ὁρίζεσθαι.
1847 953 1951 1026 διὸ
1998 945 2203 1035 οὗτος
2244 959 2367 1042 μὲν
2410 947 2534 1022 οῦκ
2579 953 2763 1021 ἔστιν
2806 948 2985 1034 ἑνός,
3030 955 3210 1022 δυεῖν
3254 955 3327 1019 δὲ
3364 979 3439 1032 33

640 1071 672 1123 5
705 1057 906 1140 μέσος
948 1054 1018 1136 ἐξ
1059 1046 1387 1140 ἀνάγκης,
1449 1049 1804 1142 οὐδέτερος
1864 1047 1968 1124 ὢν
2010 1057 2294 1124 ἐκείνων
2340 1043 2442 1121 ὧν
2485 1057 2683 1139 μέσος
2744 1048 3081 1138 τυγχάνει·
3146 1047 3326 1122 ὥστε

707 1149 874 1240 μήτε
919 1148 1134 1222 αὐτὸν
1177 1153 1348 1221 εἶναι
1392 1151 1518 1223 τὸν
1562 1155 1672 1223 ἐπὶ
1715 1149 2008 1224 πάντων
2053 1151 2223 1224 θεὸν
2267 1147 2575 1240 ἡγεῖσθαι
2615 1147 2785 1240 μήτε
2827 1159 2976 1223 τῶν
3015 1145 3325 1240 ἀγγέλων

711 1253 853 1335 ἕνα,
923 1249 1200 1323 τούτων
1262 1255 1332 1320 δὲ
1395 1256 1600 1340 μέσον
1655 1259 1766 1322 καὶ
1826 1262 2127 1341 μεσίτην,
2206 1245 2322 1322 ὅτε
2386 1259 2488 1341 τῷ
2560 1259 2769 1339 πατρὶ
2838 1257 2949 1321 καὶ
3022 1247 3326 1339 ἀγγέλοις

705 1349 1056 1440 μεσιτεύει·
1103 1347 1198 1432 ὦς
1244 1343 1329 1420 αὗ
1370 1347 1599 1436 πάλιν,
1647 1379 1765 1422 οτε
1813 1359 2155 1440 »μεσίτηςι
2192 1359 2451 1439 γίνεται
2488 1357 2693 1422 »θεοῦ
2720 1357 2831 1422 καὶ
2862 1345 3324 1437 ἀνθρώπων,

706 1455 904 1538 μέσος
948 1442 1052 1519 ὢν
1097 1449 1419 1538 ἑκατέρου
1463 1447 1820 1538 τάγματος,
1868 1447 2233 1538 οὐδέτερόν
2274 1455 2476 1534 ἐστιν,
2506 1442 2673 1538 <ὦν>
2709 1456 2979 1539 μεσίτης
3022 1445 3323 1537 υπάρχει·

607 1574 672 1627 10
710 1541 855 1620 οὔτ’
899 1545 1108 1632 αυτὸς
1153 1578 1256 1620 ων
1299 1545 1336 1620 ὁ
1383 1549 1476 1631 εἷς
1519 1556 1633 1620 καὶ
1691 1546 1903 1634 μόνος
1955 1550 2120 1632 θεὸς
2178 1543 2330 1620 οὔθ’
2393 1543 2647 1638 ὁμοίως
2700 1568 2848 1630 τοῖς
2900 1557 3169 1629 λοιποῖς
3210 1544 3325 1619 ἀν-

707 1649 1024 1740 θρώποις
1069 1647 1462 1737 ανθρωπος.
1525 1657 1590 1718 τί
1620 1653 1710 1733 δέ,
1755 1653 1816 1720 εἰ
1856 1655 2067 1739 μηδὲν
2111 1649 2406 1732 τούτων,
2452 1643 2496 1771 ῆ
2536 1654 2705 1720 θεοῦ
2744 1646 3120 1738 μονογενὴς
3161 1644 3322 1729 υἱός,
3358 1675 3435 1730 34

705 1755 835 1819 νῦν
876 1755 998 1837 μὲν
1049 1744 1456 1836 ἀνθρώπων
1505 1753 1614 1818 καὶ
1675 1755 1846 1820 θεοῦ
1903 1757 2171 1838 μεσίτης
2228 1747 2555 1838 γεγονώς,
2612 1745 2965 1835 πρόπαλαι
3026 1753 3097 1818 δὲ
3150 1757 3161 1834 Ι
3214 1752 3323 1819 ἐπὶ
3382 1775 3435 1831 9

709 1853 1018 1932 Μωσέως
1089 1855 1260 1920 θεοῦ
1330 1855 1438 1918 καὶ
1511 1842 1820 1936 ἀγγέλων
1887 1857 2159 1938 μεσίτης
2226 1845 2589 1938 ὑπάρχων;
2666 1854 2883 1918 ταῦτα
2950 1854 3021 1919 δὲ
3092 1846 3325 1930 αὐτοῖς

709 1945 1010 2036 γράφων,
1059 1941 1196 2019 ωδέ
1234 1976 1329 2036 πη
1373 1948 1786 2033 παραδιδοὺς
1831 1955 2009 2036 λέγει
2052 1944 2091 2020 ὁ
2134 1955 2334 2036 μέγας
2378 1943 2764 2028 ἀπόστολος
2814 1943 2887 2019 »ὁ
2936 1947 3141 2038 νόμος
3186 1955 3323 2020 δια-

606 2073 672 2124 15
709 2055 932 2136 ταγεὶς
975 2043 1072 2117 δι’
1119 2044 1426 2135 ἀγγέλων
1470 2051 1544 2119 ἐν
1585 2055 1754 2135 χειρὶ
1795 2055 2090 2135 μεσίτου.
2162 2044 2199 2118 ὁ
2246 2054 2317 2118 δὲ
2358 2055 2630 2174 μεσίτης
2672 2047 2825 2128 ἑνὸς
2868 2075 2992 2118 ουκ
3038 2051 3238 2133 ἔστιν,
3284 2043 3321 2120 0‘
3358 2067 3436 2121 35

708 2151 778 2216 δὲ
821 2145 986 2230 θεὸς
1029 2147 1124 2228 εἷς
1165 2153 1404 2219 ἐστινι.
1485 2145 1649 2230 »εἶςι
1695 2151 1821 2219 οὐν
1865 2150 2049 2220 ἔστιν
2094 2143 2131 2218 ό
2181 2143 2438 2232 »θεός«,
2479 2155 2593 2218 καὶ
2641 2147 2771 2230 »εἷς
2798 2155 3072 2238 μεσίτης
3116 2153 3315 2218 θεοῦ(

710 2275 782 2317 τε
825 2253 939 2317 καὶ
982 2253 1129 2316 τῶν
1170 2253 1487 2334 γενητῶν
1527 2243 1966 2332 πάντων,ου
2010 2254 2134 2318 νῦν
2179 2243 2549 2336 ἀρξάμενος
2601 2253 2724 2336 τῆς
2768 2254 3111 2337 σωτηρίου
3150 2273 3322 2335 μεσι-

709 2353 908 2428 τείας,
971 2341 1148 2417 ἀλλὰ
1211 2353 1324 2416 καὶ
1367 2343 1503 2436 πρὸ
1547 2352 1673 2435 τῆς
1715 2352 1807 2428 είς
1854 2344 2269 2436 ἀνθρώπους
2322 2343 2534 2416 αυτοῦ
2586 2354 3023 2434 θεοφανείας,
3096 2345 3323 2435 ὥσπερ

709 2437 832 2516 οὖν
893 2440 932 2515 ὁ
997 2441 1197 2531 λόγος
1259 2441 1620 2532 ἀπέδειξεν.
1707 2445 1980 2517 τούτων
2041 2443 2108 2516 δ’
2162 2451 2237 2517 ἐν
2288 2455 2517 2534 βραχεῖ
2566 2444 2904 2530 Γαλάταις
2956 2443 3187 2530 αὐτοῖς
3248 2452 3323 2518 ἐκ
3358 2471 3433 2524 36

606 2561 674 2615 ‘20
705 2540 916 2633 μόνης
960 2551 1083 2634 τῆς
1123 2543 1298 2634 πρὸς
1339 2541 1591 2627 αὐτοὺς
1642 2550 2005 2637 ἐπιστολῆς
2047 2554 2613 2633 παρατεθέντων,
2678 2552 2800 2636 τῆς
2854 2576 2929 2617 τε
2980 2556 3321 2636 σωτηρίου

707 2651 1001 2726 πίστεως
1045 2643 1174 2733 τὴν
1216 2644 1547 2733 μυστικὴν
1591 2651 1742 2730 [καὶ]
1787 2641 2238 2735 ἀναγέννησιν
2298 2652 2425 2729 »εἰς
2479 2638 2695 2734 ὄνομα
2748 2653 2873 2716 τοῦ
2908 2647 3171 2734 πατρὸς
3210 2655 3323 2719 καὶ

710 2749 836 2814 τοῦ
877 2745 1027 2813 υἱοῦ
1067 2751 1178 2814 καὶ
1223 2749 1350 2815 τοῦ
1392 2739 1589 2833 άγίου
1633 2744 2051 2835 πνεύματοςι
2101 2743 2533 2837 παρεχούσης,
2578 2753 2689 2817 καὶ
2732 2744 2905 2837 πρὸς
2934 2766 3078 2830 τοῖς
3109 2754 3324 2832 θείοις

709 2840 1070 2931 ἐγγράφοις
1115 2848 1236 2931 τῆς
1279 2840 1415 2914 ἀπὸ
1459 2841 1782 2931 περάτων
1833 2852 1954 2934 γῆς
1998 2848 2127 2929 ἕως
2178 2843 2500 2935 περάτων
2559 2852 2932 2936 καθολικῆς
2984 2854 3111 2919 τοῦ
3152 2856 3325 2919 θεοῦ

709 2942 1063 3030 ἐκκλησίας
1109 2942 1229 3025 τὰς
1273 2940 1411 3015 ἀπὸ
1457 2950 1603 3014 τῶν
1645 2952 1861 3015 θείων
1904 2952 2191 3032 γραφῶν
2234 2955 2602 3033 μαρτυρίας
2646 2951 2714 3032 ἐξ
2758 2944 3070 3035 ἀγράφου
3108 2976 3320 3037 παρα-

607 3058 673 3113 ‘25
710 3038 962 3121 δόσεως
1013 3046 1685 3133 ἐπισφραγιζομένης,
1750 3070 1897 3131 ωρα
1958 3045 2202 3116 λοιπὸν
2260 3052 2372 3115 καὶ
2434 3044 2556 3128 τὰς
2610 3054 3013 3135 Μαρκέλλου
3075 3053 3323 3119 διασκέ-

709 3150 974 3226 ψασθαι
1017 3147 1224 3227 λέξεις
1267 3149 1414 3213 τῶν
1457 3172 1532 3212 τε
1587 3148 2102 3233 ἐπηγγελμένων
2156 3141 2315 3234 ἡμῖν
2374 3144 2498 3226 τὰς
2558 3140 2930 3231 ἀποδείξεις
2988 3141 3323 3236 ὑποσχεῖν,

712 3270 809 3321 ως
862 3236 946 3309 ἀν
1004 3238 1094 3331 μή
1168 3268 1270 3323 τις
1343 3240 1471 3312 τὸν
1542 3242 1756 3331 ἄνδρα
1827 3254 2407 3329 συκοφαντεῖσθαι
2474 3245 2649 3333 πρὸς
2720 3241 2919 3334 ἡμῶν
2978 3255 3325 3335 νομίσειεν.

712 3344 975 3410 σκοποῦ
1027 3345 1102 3411 δέ
1149 3368 1265 3426 μοι
1315 3347 1763 3431 προκειμένου
1823 3344 1933 3413 διὰ
1991 3347 2296 3433 βραχέων
2357 3346 2647 3432 ἐκφῆναι
2710 3344 2796 3416 τὰ
2850 3348 3185 3435 εἰρημένα,
3245 3344 3329 3418 οὗ
3362 3362 3435 3415 37

711 3438 930 3521 πάσας
961 3432 1368 3528 ἀναλέξομαι
1400 3446 1527 3513 τοῦ
1569 3437 1816 3530 ἀνδρὸς
1862 3443 1984 3525 τὰς
2028 3442 2285 3528 φωνὰς,
2330 3439 2570 3531 μόναις
2615 3450 2687 3515 δὲ
2718 3462 2865 3526 ταῖς
2908 3466 3328 3528 συνεκτικαῖς

611 3556 678 3609 30
711 3533 1055 3627 χρήσομαι,
1100 3538 1223 3621 τὰς
1263 3545 1538 3622 πλείους
1583 3537 1831 3612 ωσανεὶ
1874 3541 2202 3630 περιττὰς
2244 3548 2355 3611 καὶ
2398 3542 2511 3613 διὰ
2541 3550 2689 3613 τῶν
2718 3540 2956 3614 αυτιῦν
2976 3546 3328 3633 χωρούσας

711 3632 1282 3725 υπερθησόμενος.
1343 3637 1478 3725 πρὸ
1523 3643 1594 3709 δὲ
1639 3645 1760 3729 τῆς
1807 3648 1956 3711 τῶν
1998 3646 2367 3729 εἰρημένων
2410 3638 2816 3729 ἀποδείξεως
2858 3645 3041 3732 οἶμαι
3084 3650 3224 3716 δεῖν
3254 3650 3331 3716 ἐν

713 3760 1018 3821 πρωτοις
1061 3743 1484 3827 παραστῆσαι
1536 3757 1680 3819 τοῖς
1742 3739 2295 3828 ἐντυγχάνουσιν,
2361 3769 2471 3812 οτι
2530 3748 2695 3830 μηδὲ
2748 3740 2871 3825 τὰς
2928 3752 3328 3833 προχείρους

717 3840 926 3919 λέξεις
971 3842 1119 3907 τῶν
1162 3843 1379 3906 θείων
1421 3841 1772 3927 ἐξηκρίβου
1813 3835 2395 3929 ἀναγνωσμάτων,
2442 3870 2538 3923 ως
2582 3837 2669 3912 ἀν
2710 3850 2994 3932 γνωσθῇ
3041 3866 3187 3927 τοῖς
3234 3844 3326 3915 ἔτ’

719 3928 929 4004 αυτὸν
983 3930 1348 4021 ἀγνοοῦσιν
1401 3932 1640 4019 ὁποῖός
1699 3967 1802 4021 τις
1854 3968 1958 4010 ων
2018 3944 2126 4009 ἐπὶ
2189 3938 2317 4029 τὴν
2380 3948 2524 4011 τῶν
2586 3943 2959 4031 εἰρημένων
3012 3940 3331 4034 προήχθη

614 4051 680 4104 35
716 4030 992 4120 τόλμαν.

889 4270 920 4325 1
963 4268 1082 4325 Gal.
1119 4270 1167 4331 3,
1207 4272 1271 4326 19
1306 4300 1372 4310 -
1419 4274 1456 4327 8
1495 4272 1616 4328 Gal.
1653 4276 1701 4342 3,
1739 4276 1806 4329 20
1847 4306 1915 4313 -
1970 4275 2005 4331 8
2042 4276 2067 4328 I
2102 4274 2241 4331 Tim.
2278 4278 2325 4342 2,
2365 4280 2397 4332 5
2430 4306 2497 4315 —
2536 4277 2614 4333 14
2651 4277 2769 4333 Gal.
2807 4281 2856 4343 3,
2894 4282 2974 4335 19.
3010 4280 3079 4335 20
3130 4310 3197 4319 --
3254 4283 3331 4337 16

716 4369 740 4422 I
777 4370 911 4423 Tim.
951 4370 999 4435 2,
1035 4372 1067 4425 5
1102 4400 1169 4409 —
1207 4374 1282 4428 21
1321 4374 1518 4429 Matth.
1557 4376 1638 4438 28,
1674 4378 1740 4429 19

885 4554 920 4609 9
977 4544 1060 4609 ὧν
1096 4554 1169 4609 Kl
1205 4555 1314 4625 vgl.
1353 4556 1406 4609 Z.
1444 4561 1476 4612 5
1523 4559 1532 4626 Ι
1583 4560 1655 4615 17
1693 4558 1809 4629 καὶ]
1850 4568 1914 4623 -ὓ-
1950 4557 2279 4633 ἀνθρὼπων
2312 4564 2411 4617 καὶ
2444 4580 2500 4616 m
2548 4564 2556 4630 Ι
2604 4563 2681 4619 21
2718 4566 2819 4620 καὶ
2854 4564 2947 4635 V1]
2998 4575 3065 4626 <
3100 4566 3197 4633 V*,
3234 4569 3329 4622 stt.

719 4654 796 4705 V²
829 4672 894 4707 w.
933 4672 977 4709 e.
1015 4655 1124 4709 sch.
1180 4660 1186 4724 Ι
1242 4656 1319 4713 22
1355 4653 1468 4728 πρὸ
1507 4660 1584 4711 V2
1617 4653 1762 4731 πρὸς
1798 4661 1878 4713 V*
