3694 5582
1275 468 1378 525 Die
1411 470 1742 541 Fragmente
1775 471 2047 527 Marcelle.
2842 480 2959 543 201

341 636 516 702 φησὶν
557 631 688 689 »οὐκ
723 631 950 703 ἐγένετο
987 630 1173 701 ἄλλος,
1208 641 1306 695 καὶ
1341 633 1463 708 μετ’
1501 635 1602 709 ἐμὲ
1637 636 1742 693 οὐκ
1775 632 1949 705 ἔσται,
1988 634 2103 708 ἐγὼ
2140 640 2292 705 θεός,
2328 643 2427 695 καὶ
2462 638 2567 697 οὐκ
2603 634 2761 697 ἔσται
2785 640 2967 713 παρὲξ

341 716 482 787 ἐμοι·-
519 710 768 791 σῴζωνσ.
838 718 892 777 εἰ
939 721 1000 777 δὲ
1051 721 1318 793 βούλεται
1368 724 1467 778 καὶ
1501 718 1697 795 ἑτέρου
1733 730 2090 795 προφητικοῖ·
2140 721 2379 780 ἀκοῦσαι
2422 723 2619 795 ῥητοῦ,
2664 724 2813 797 τάχα
2850 745 2965 781 που

341 798 487 875 πρός
539 798 717 859 αὐτὸν
778 808 875 861 καὶ
936 806 1069 873 τοὺς
1121 798 1339 875 δμοίως
1397 810 1530 879 περὶ
1591 807 1870 877 θεότητος
1931 806 2082 878 αὐτῷ
2141 807 2527 878 διακειμένους
2586 809 2961 881 λεχθέν<τος;,

277 912 308 965 5
342 885 598 945 ἀκουέτω
645 887 820 946 αὐτοῦ
852 882 1085 947 Ἠσαίου
1127 892 1401 963 λέγοντος
1439 894 1888 961 »μετανοήσατε,
1942 890 1999 948 οὶ
2032 889 2425 960 πλανώμενοι,
2480 892 2859 963 ἐπιστρέψατε
2897 901 2964 964 τῇ

339 974 564 1047 καρδίᾳ,
597 975 696 1029 καὶ
732 978 1022 1046 μνήσθητε
1057 975 1128 1033 τὰ
1166 976 1419 1049 πρότερα
1455 975 1571 1034 ἀπὸ
1607 985 1711 1033 τοῦ
1747 975 1982 1042 αἰῶνος,
2030 973 2117 1033 ὅτι
2152 974 2269 1047 ἐγὼ
2305 976 2337 1033 ὁ
2374 978 2513 1044 θεὸς
2546 980 2644 1033 καὶ
2680 976 2785 1033 οὐκ
2810 974 2961 1035 ἔστιν

342 1061 489 1127 πλὴν
523 1055 714 1127 ἐμοῦκ.
788 1058 894 1117 οὐκ
937 1056 1122 1119 εἶπεν·
1179 1058 1296 1133 ἐγὼ
1339 1061 1503 1127 θεός,
1553 1056 1650 1118 ἵνα
1695 1064 1792 1117 καὶ
1837 1060 1927 1119 διὰ
1964 1068 2061 1130 τῆς
2100 1070 2199 1117 τοῦ
2234 1058 2459 1133 ἄρθρου
2494 1064 2824 1133 προσθήκης
2860 1058 2963 1119 ἕνα

341 1142 484 1199 θεὸν
523 1138 660 1199 ὄντα
699 1151 897 1215 σαφῶς
931 1142 1190 1216 ἐπιδείξῃ.
1261 1148 1316 1202 τί
1353 1146 1413 1203 δὲ
1445 1149 1545 1202 καὶ
1569 1138 1740 1215 Ὠσηὲ
1775 1142 1809 1201 ὁ
1845 1150 2165 1218 προφήτηςζ
2226 1146 2294 1203 οὐ
2344 1150 2442 1203 καὶ
2497 1142 2669 1213 αὐτὸς
2711 1146 2781 1202 τὰ
2820 1146 2961 1203 αὐτὰ

341 1234 636 1299 μαρτυρεῖ,
676 1226 824 1300 »ἐγὼ
860 1226 1153 1300 ἀνήγαγόν
1188 1248 1252 1288 σε
1289 1228 1352 1298 ἐξ
1385 1229 1704 1300 Αἰγύπτου«
1745 1230 1928 1301 λέγων
1969 1233 2097 1286 »καὶ
2131 1229 2273 1287 θεὸν
2314 1234 2458 1299 πλὴν
2484 1230 2625 1299 ἐμοῦ
2662 1229 2733 1287 οὐ
2754 1229 2961 1301 γνώσῃ,

248 1341 312 1395 10
343 1314 441 1367 καὶ
478 1306 676 1387 σῴζων
722 1311 828 1368 οὐκ
871 1308 1023 1369 ἔστιν
1067 1315 1252 1387 παρὲξ
1285 1315 1485 1383 ἐμοῦ«;
1533 1308 1700 1381 αὖθίς
1742 1334 1804 1371 τε
1843 1309 1875 1369 ὁ
1914 1317 2221 1385 Μαλαχίας
2261 1316 2417 1385 »οὐχὶ
2456 1315 2598 1380 θεὸς
2630 1308 2711 1379 εἷς
2744 1310 2963 1373 ἔκτισεν

343 1390 544 1463 ὗμᾶςςα
587 1400 756 1466 φησὶν
797 1396 954 1469 »οὐχὶ
989 1400 1176 1471 πατὴρ
1213 1394 1294 1465 εἶς
1327 1400 1560 1457 πάντων
1597 1396 1810 1468 {quamn
1852 1396 1995 1455 ἀλλὰ
2032 1393 2136 1455 τόν
2162 1402 2339 1455 Δαυῖδ
2363 1403 2526 1470 φήσει
2550 1418 2663 1455 που
2688 1394 2963 1470 Ἀστέριος

343 1480 520 1549 μηδὲν
565 1481 852 1553 εἰρηκέναι
897 1486 1030 1555 περὶ
1071 1483 1305 1547 τούτου,
1359 1487 1546 1541 καίτοι
1581 1482 1973 1556 πρεσβύτατον
2006 1482 2165 1553 παρὰ
2200 1484 2415 1540 Μωσὲα
2451 1492 2567 1541 τῶν
2603 1480 2791 1539 ἄλλων
2826 1504 2963 1553 προ-

345 1571 540 1633 φητῶν
593 1562 758 1633 ὄντα,
808 1570 910 1623 καὶ
961 1567 1050 1625 διὰ
1105 1576 1274 1625 τοῦτο
1313 1566 1681 1639 ἀμφιγνοεῖν,
1736 1564 1853 1624 εἴτε
1903 1567 2003 1623 δι’-ο
2048 1568 2221 1634 θεοὺς
2254 1566 2564 1625 ὑποστάσει
2598 1568 2966 1639 διῃρημένους

345 1650 595 1717 νομίζειν
649 1644 796 1707 εἶναι
849 1656 1128 1725 προσήκει
1179 1650 1292 1711 εἴτε
1343 1656 1444 1710 καὶ
1491 1656 1588 1723 μή.
1658 1649 1867 1710 οὐκοῦν
1916 1649 2013 1708 ἵνα
2064 1656 2141 1722 μὴ
2192 1661 2361 1709 τοῦτο
2414 1652 2573 1725 λέγῃ,
2638 1652 2965 1710 ἀκόλουθον

252 1769 312 1821 15
345 1733 594 1803 ἡγοῦμαι
645 1738 746 1791 καὶ
797 1732 973 1792 αὐτὸν
1025 1734 1296 1806 ἐπιδεῖξαι
1348 1736 1499 1809 αὐτῷ
1545 1738 1616 1795 τὰ
1661 1736 1804 1793 αὐτὰ
1839 1744 1959 1803 τοῖς
2002 1736 2439 1809 προειρημένοις
2472 1736 2656 1809 ἁγίοις
2692 1739 2960 1811 λέγοντα·

353 1812 686 1879 »ἄκουσον,«
745 1822 915 1890 φησὶν
955 1821 1124 1889 »λαός
1173 1844 1311 1892 μου,
1366 1826 1464 1880 καὶ
1508 1825 1732 1892 λαλήσω
1769 1836 1885 1877 σοι·
1942 1816 2175 1892 Ἰσραήλ,
2232 1824 2332 1879 καὶ
2364 1823 2821 1895 διαμαρτύρομαί
2856 1840 2961 1877 σοι.

345 1898 448 1959 ἐὰν
501 1899 746 1973 ἀκούσῃς
791 1925 930 1973 μου,
983 1904 1090 1963 οὐκ
1131 1902 1290 1965 ἔσται
1341 1907 1404 1965 ἐν
1456 1910 1548 1964 σοὶ
1596 1906 1739 1972 θεὸς
1791 1903 2149 1979 πρόσφατος,
2204 1906 2333 1964 οὐδὲ
2384 1910 2792 1977 προσκυνήσεις
2842 1911 2963 1977 θεῷ

348 1986 644 2063 ἀλλοτρίῳ.
717 1986 834 2061 ἐγώ
887 1989 998 2063 γάρ
1051 1992 1168 2062 εἰμι
1219 1992 1414 2067 κύριος
1467 1985 1502 2047 ὁ
1551 1988 1693 2057 θεός
1735 2010 1889 2047 σουσ.
1962 1984 1995 2047 ό
2048 1988 2223 2047 αὑτὸν
2275 1988 2583 2058 ἐπιδεικνὺς
2632 1995 2731 2049 καὶ
2782 1992 2964 2063 λέγων

353 2068 496 2144 »ἐγώ
533 2072 697 2142 εἰμια,
737 2074 806 2131 οὐ
838 2068 1009 2145 δῆλός
1047 2074 1201 2133 ἐστιν
1237 2073 1340 2133 ἕνα
1375 2073 1522 2135 θεὸν
1555 2072 1737 2145 μόνον
1773 2071 1922 2132 εἶναι
1956 2075 2154 2145 λέγων,
2190 2072 2483 2132 τουτέστιν
2516 2072 2749 2140 ἑαυτόνς

255 2270 318 2327 20
517 2242 606 2297 Nr.
647 2244 711 2297 77
749 2244 850 2311 (Re
885 2244 972 2311 68)
1025 2246 1080 2299 τί
1125 2236 1252 2308 οὖν;
1304 2244 1358 2300 εἰ
1406 2247 1482 2314 μὴ
1527 2250 1606 2314 τῷ
1643 2242 1922 2312 πνεύματι
1958 2243 2337 2313 προσέχοντες
2370 2242 2603 2311 δυνάμει
2640 2241 2966 2313 ἀδιαίρετον

346 2326 448 2393 τὴν
482 2324 706 2392 μονάδα
743 2322 892 2383 εἶναι
927 2330 1276 2397 νομίζοιμεν,
1315 2322 1429 2400 ἆρα
1467 2328 1568 2399 οὐχ
1604 2322 2080 2399 ἁμαρτησόμεθα,
2118 2334 2315 2395 σαφῶς
2338 2336 2441 2382 τοῦ
2464 2323 2643 2397 λόγου
2675 2326 2961 2384 διδάσκον-

347 2429 444 2475 τος
497 2410 646 2478 ἡμᾶς
702 2411 930 2484 »κύριον
981 2409 1084 2467 τὸν
1135 2408 1280 2469 θεόν
1325 2431 1428 2469 σου
1471 2413 1881 2481 προσκυνήσεις
1922 2414 2021 2467 καὶ
2066 2410 2217 2484 αὐτῷ
2252 2406 2415 2486 μόνῳ
2452 2410 2824 2483 λατρεύσειςκ.
2894 2407 2961 2466 τὸ

350 2490 488 2551 αὐτὸ
525 2494 586 2551 δὲ
619 2498 717 2553 καὶ
751 2498 840 2553 διὰ
878 2504 980 2552 τοῦ
1013 2497 1160 2553 κατὰ
1199 2499 1446 2567 Μᾶρκον
1483 2496 1833 2567 Εὐαγγελίου
1868 2495 2162 2567 κηρίττειῖ
2206 2490 2338 2561 ἑνός
2371 2494 2483 2567 γάρ
2518 2513 2671 2561 τινος
2704 2514 2963 2564 γραμμα·

349 2579 490 2645 τέως
525 2578 953 2651 προσελθόντος
997 2580 1150 2656 αι’·τῷ
1185 2585 1284 2639 καὶ
1317 2582 1779 2651 πυνθανομένου,
1815 2582 1899 2646 τίς
1932 2576 2017 2650 εἴη
2054 2577 2251 2652 πρώτη
2286 2587 2403 2637 τῶν
2438 2578 2701 2647 ἐντολῶν,
2740 2578 2965 2649 ἀπεκρί·

255 2696 316 2751 25
351 2684 488 2720 νατο
525 2660 671 2735 πρὸς
705 2663 882 2721 αὐτὸν
917 2660 1098 2732 οὕτως
1133 2664 1313 2723 εἰπὼν
1353 2666 1614 2723 »πάντων
1649 2672 1903 2739 πρῶτον·
1962 2660 2162 2732 ἄκουε,
2216 2660 2457 2739 >Ῑσραήλ,
2510 2664 2705 2737 κύριος
2751 2657 2784 2718 ὁ
2828 2660 2968 2729 θεός

349 2750 511 2818 ἡμῶν
543 2748 738 2819 κύριος
773 2742 853 2816 εἷς
888 2747 1062 2820 ἐστιν,
1114 2754 1212 2808 καὶ
1259 2750 1570 2822 ἀγαπήσεις
1612 2750 1810 2824 κύριον
1861 2745 1966 2809 τὸν
2016 2744 2160 2806 θεόν
2208 2768 2311 2807 σου
2357 2748 2417 2818 ἐξ
2469 2746 2603 2820 ὕλης
2654 2756 2751 2818 τῆς
2786 2754 2969 2819 ψυχῆς

351 2851 452 2890 σου
486 2837 586 2890 καὶ
623 2831 686 2902 ἐξ
720 2829 854 2903 ὅλης
887 2841 986 2905 τῆς
1021 2835 1213 2906 ἰσχύος
1247 2854 1364 2893 σου.
1401 2831 1542 2906 αὕτη
1578 2835 1801 2908 πρώτη·
1835 2837 1937 2891 καὶ
1958 2833 2191 2907 δειτέρα
2218 2833 2391 2901 ὁμοία
2416 2835 2615 2903 ταύτῃ·
2654 2832 2967 2905 ἀγαπήσεις

347 2920 448 2974 τόν
483 2921 722 2986 πλησίον
760 2936 862 2974 σου
907 2915 987 2986 ὼς
1023 2919 1280 2977 σεαυτόν.
1348 2923 1558 2989 μείζων
1593 2921 1810 2977 τούτων
1856 2917 1996 2989 ἄλλη
2044 2916 2243 2988 ἐντολὴ
2292 2918 2397 2975 οὐκ
2440 2914 2605 2976 ἔστιν.
2673 2921 2773 2974 καὶ
2808 2913 2967 2974 εἶπεν

349 3001 501 3070 αὐτῷ
543 3002 574 3058 ό
611 3003 1003 3076 γραμματεύς·
1061 3010 1276 3071 καλῶς,
1326 3003 1646 3072 διδάσκαλε,
1703 2999 1792 3063 ἐπ’
1828 3004 2101 3076 ἀληθείας
2136 2998 2301 3070 εἶπας
2337 3000 2425 3059 ὅτι
2460 2997 2542 3067 εἶς
2575 3001 2725 3060 ἐστιν
2762 2999 2793 3056 ὁ
2828 3004 2969 3068 θεὸς

255 3123 318 3176 30
347 3091 444 3144 καὶ
480 3087 586 3144 οὐκ
620 3085 770 3144 ἔστιν
793 3091 940 3157 πλὴν
977 3085 1204 3145 αὐτοῦα.
1263 3085 1388 3145 ἀλλ’
1423 3087 1455 3144 ό
1479 3091 1586 3158 μὲν
1621 3089 1990 3161 γραμματεὺς
2024 3086 2112 3145 διὰ
2148 3096 2251 3143 τοῦ
2277 3088 2457 3158 νόμου
2491 3089 2595 3156 τὴν
2627 3085 2967 3158 θεοσέβειαν

348 3171 746 3241 μεμαθηκέναι
790 3175 999 3240 δοκῶν,
1055 3169 1304 3230 ἐπαινῶν
1347 3177 1413 3230 τὸ
1459 3183 1562 3230 τοῦ
1599 3185 1853 3246 σωτῆρος
1888 3172 2061 3244 ῥητὸν
2099 3174 2361 3242 φαίνεται
2420 3167 2648 3233 »ἄκουε,
2704 3164 2966 3242 Ἰσραήλπ,

349 3256 620 3327 λέγοντος
657 3256 880 3326 »κί’ριος
915 3254 948 3312 ὁ
983 3260 1124 3324 θεός
1158 3278 1260 3314 σου
1297 3253 1376 3324 εἷς
1401 3259 1578 3315 ἐστινα
1605 3261 1704 3314 καὶ
1725 3254 1880 3332 ὅρκῳ
1904 3261 2093 3322 καλῶς
2119 3256 2383 3330 εἰρῆσθαι
2406 3255 2806 3324 πιστούμενος·
2850 3247 2969 3310 ιέπ’

352 3339 652 3410 ἀληθείαςα
694 3339 804 3414 γάρ
842 3359 1012 3411 φησιν
1065 3337 1258 3408 »εἶπας
1294 3339 1380 3398 ὅτι
1417 3336 1497 3408 εἷς
1534 3338 1681 3398 ἐστιν
1716 3338 1749 3397 ό
1784 3343 1925 3407 θεὸς
1947 3344 2045 3397 καὶ
2071 3340 2175 3396 οὐκ
2199 3338 2350 3396 ἔστιν
2374 3336 2547 3405 ἄλλος
2572 3341 2717 3408 πλὴν
2743 3338 2968 3395 αἰτοῦσι.

351 3425 408 3481 οὶ
440 3425 500 3482 δὲ
533 3423 606 3481 τὰ
641 3431 740 3494 τῆς
774 3424 907 3491 νέας
940 3429 1213 3497 διαθήκης
1236 3425 1540 3498 αὐχοῦντες
1573 3425 1780 3482 εἰδέναι
1813 3428 2107 3497 μυστήρια,
2146 3417 2301 3480 οὗτοι
2336 3428 2435 3482 καὶ
2468 3422 2797 3496 δεύτερον
2834 3420 2969 3478 ἀνα·

351 3507 616 3566 πλάττειν
651 3509 819 3566 θεὸν
851 3511 1154 3586 βούλονται
1189 3508 1567 3568 ὑποστάσει
1599 3513 1713 3568 καὶ
1739 3510 2026 3579 δυνάμει
2048 3510 2527 3583 χωριζόμενον
2550 3516 2671 3564 τοῦ
2696 3509 2969 3580 πατρός.

261 3641 321 3696 35
519 3695 613 3750 Nr.
652 3697 717 3751 78
753 3697 854 3764 (Re
889 3699 976 3764 68)
1034 3691 1120 3752 ὅτι
1172 3695 1232 3752 δὲ
1283 3699 1384 3765 τὴν
1436 3694 1661 3764 μονάδα
1711 3694 1912 3766 κύριον
1961 3698 2059 3752 καὶ
2109 3693 2252 3751 θεὸν
2307 3687 2459 3750 οἶδεν
2510 3695 2705 3748 καλεῖν
2750 3692 2781 3760 ἡ
2837 3693 2971 3748 θεία

355 3781 569 3850 γραφή,
625 3778 724 3850 ἢδη
778 3782 877 3836 καὶ
928 3778 993 3837 ἐκ
1043 3787 1158 3836 τῶν
1203 3780 1632 3852 προειρημένων
1685 3782 1855 3847 δῆλον
1907 3778 2169 3849 γέγονεν,
2223 3771 2289 3833 δι’
2325 3769 2408 3833 ὧν
2454 3776 2599 3848 πρὸς
2631 3775 2734 3832 τὸν
2770 3773 2973 3832 ἑαυτοῦ

518 3967 784 4021 19-34
817 3967 937 4032 124,
975 3966 1143 4018 1-21
1179 3995 1244 4004 —-
1280 3965 1505 4021 35—8.
1545 3966 1721 4032 202,
1756 3967 1850 4019 19
1884 3965 2004 4028 121,
2040 3964 2307 4024 24-125,
2346 3963 2417 4014 17

522 4102 560 4156 4
597 4101 704 4155 δοῦ.
742 4103 826 4166 46,
863 4103 913 4156 8.
948 4104 980 4156 9
1016 4131 1082 4140 -
1120 4099 1156 4155 8
1205 4099 1331 4154 Hos,
1371 4102 1450 4164 13,
1486 4101 1520 4152 4
1555 4129 1620 4138 --
1667 4098 1706 4153 9
1742 4098 1875 4152 Mal.
1915 4101 1962 4159 2,
2002 4101 2067 4153 10
2103 4128 2168 4138 —
2217 4098 2292 4153 15
2340 4097 2427 4150 ΡΒ.
2464 4099 2546 4164 80,
2583 4099 2749 4152 9-11
2788 4125 2853 4136 --
2897 4097 2971 4150 18

362 4167 444 4222 ΡΒ.
477 4169 562 4234 80,
601 4171 662 4223 11
700 4199 768 4209 —
807 4170 880 4224 21
922 4169 1122 4232 Matth,
1159 4171 1208 4232 4,
1251 4169 1326 4222 10.
1398 4168 1532 4221 Luk.
1569 4171 1617 4230 4,
1653 4170 1687 4222 8
1725 4197 1788 4205 -
1827 4167 1963 4221 2211
2012 4166 2187 4220 Mat-k.
2226 4168 2307 4232 12,
2344 4167 2425 4221 28.
2463 4166 2530 4219 29
2566 4194 2631 4204 -
2670 4166 2749 4220 24
2796 4164 2972 4217 Mark.

360 4239 437 4303 122,
473 4238 675 4293 29—32
711 4267 777 4276 —
815 4237 894 4292 80
930 4237 1107 4290 Μαι-Β.
1149 4239 1228 4302 12,
1265 4237 1332 4290 29
1367 4265 1434 4274 --
1471 4237 1548 4289 32
1585 4235 1760 4288 Mark.
1801 4237 1881 4294 12,
1916 4237 1983 4289 32

525 4371 558 4428 1
597 4365 738 4427 ἄλλο
775 4373 854 4425 V²
915 4373 924 4437 Ι
991 4372 1028 4426 8
1080 4369 1382 4436 λεχθέντος
1416 4387 1454 4440 g
1517 4372 1525 4436 1
1590 4369 1626 4422 5
1681 4361 1849 4438 ἔστιν]
1905 4377 1967 4432 ·†·
2028 4363 2109 4423 ἔτι
2144 4367 2289 4421 LXX
2354 4367 2363 4432 Ι
2428 4369 2465 4422 6
2520 4365 2673 4434 θεός]
2733 4374 2797 4429 —st-
2852 4357 2975 4420 ἀλλ’

357 4435 506 4510 ,,ἐγὼ
544 4435 576 4492 ὁ
612 4439 782 4504 θεός“
820 4439 926 4493 We
988 4443 996 4506 Ι
1063 4441 1098 4495 8
1137 4438 1215 4508 ἐξ]
1269 4435 1332 4493 ἐκ
1376 4445 1476 4508 γῆς
1514 4435 1658 4490 LXX
1723 4439 1731 4504 Ι
1797 4439 1834 4492 9
1891 4433 2033 4504 ἐμοῦ
2067 4455 2123 4489 m
2158 4435 2306 4504 ὁμοῦ
2342 4435 2387 4488 V
2457 4438 2465 4502 Ι
2535 4435 2605 4489 17
2648 4432 2821 4488 αὐτὸν
2862 4433 2903 4484 V
2967 4433 2973 4497 Ι

360 4507 434 4564 19
479 4507 584 4595 μὴ]
636 4508 742 4576 μὲν
779 4521 860 4560 mr
926 4509 932 4575 Ι
1000 4508 1077 4562 25
1131 4504 1291 4575 ὑμῶν
1329 4506 1404 4558 V²
1467 4513 1474 4570 Ι
1541 4501 1692 4588 ὅλης]
1730 4513 1792 4566 4-
1829 4511 1939 4584 τῆς
1979 4504 2215 4626 καὸδίας
2259 4521 2362 4558 σου
2404 4503 2504 4557 καὶ
2546 4498 2607 4567 ἐξ
2643 4495 2781 4570 ὅλης
2812 4499 2907 4553 ΝΤ
2968 4526 2975 4566 1

357 4576 432 4632 26
477 4577 628 4644 ολης]
671 4582 734 4639 -1-
769 4580 872 4643 τῆς
915 4574 1166 4640 διανοίας
1211 4591 1314 4629 σου
1355 4575 1454 4629 καὶ
1497 4571 1559 4639 ἐξ
1605 4570 1740 4640 ὃλης
1783 4572 1879 4625 ΝΤ
1925 4583 2010 4639 t<
2102 4573 2149 4626 H
2194 4573 2347 4638 usw.)
2426 4573 2435 4636 Ι
2512 4570 2586 4625 2ῒ
2638 4563 2839 4625 ἑαυτὸν
2876 4566 2974 4632 V*,

357 4661 488 4700 corr.
519 4643 594 4696 V2
643 4646 654 4711 Ι
707 4645 778 4698 31
819 4641 1002 4713 λέγων
1027 4643 1092 4703 V,
1130 4659 1266 4698 corr.
1297 4641 1364 4696 Κ]
1418 4644 1428 4708 Ι
1481 4639 1861 4708 πιστούμενος
1886 4659 1913 4694 1·
1950 4639 2059 4710 vgl.
2088 4643 2137 4694 S.
2167 4642 2380 4705 136‚1:2.
2408 4639 2473 4692 29
2498 4636 2903 4705 πιστευόμενος
2930 4633 2975 4686 V
