3694 5582
1344 500 1538 554 contra
1569 498 1899 554 Marcellum
1933 499 1957 552 I
1992 503 2042 554 4.
2937 508 3016 570 25

506 669 660 750 περὶ
705 659 964 734 τούτου
1007 667 1246 752 λέγειν.
1330 658 1486 734 οὐδε
1537 661 1666 750 γὰρ
1723 669 1963 748 σαφῶς
2008 658 2221 734 αυτὸν
2264 669 2375 734 καὶ
2418 658 3017 750 ἀπαρακαλύπτως

509 758 794 852 ἡγοῦμαι
824 769 939 832 καὶ
967 761 1141 850 πρὸς
1172 763 1448 848 ἑτέρους
1489 756 1903 851 ὁμολογῆσαι
1948 760 2053 846 ἄν,
2099 755 2267 850 ὅπερ
2301 758 2508 844 αὐτὸς
2552 767 2626 833 ἐν
2655 769 2740 849 τῇ
2773 762 3017 833 ἑαυτοῦ

505 859 792 948 κρύπτει
841 866 1127 953 διανοίᾳ,
1195 890 1290 944 ως
1349 863 1532 933 ἔστιν
1589 868 1830 948 σαφῶς
1878 855 1994 946 ἇφ
2060 889 2163 930 ων
2222 868 2559 950 γέγραφεν
2618 859 3017 984 μανθάνειν

507 960 760 1045 ἄλλος
801 967 941 1049 μὲν
984 959 1156 1048 γάρ,
1206 969 1432 1050 φησίν,
1477 966 1700 1032 ἐστὶν
1746 957 1782 1031 ὁ
1823 959 2089 1049 πατὴρ
2134 954 2171 1030 ό
2215 959 2603 1050 γεννήσας
2646 964 2725 1047 ἐξ
2770 957 3017 1034 αυτοῦ

309 1077 344 1129 5
505 1058 654 1132 τὸν
714 1067 1115 1150 μονογενῆ
1176 1058 1428 1149 λόγον
1486 1067 1615 1132 καὶ
1675 1056 2226 1148 πρωτότοκον
2288 1054 2597 1149 ἁπάσης
2649 1068 3014 1144 κτίσεως,

504 1157 757 1250 μόνος
815 1155 1098 1248 μόνον,
1145 1167 1456 1242 τέλειος
1497 1168 1845 1248 τέλειον,
1897 1158 2269 1246 βασιλεὺς
2328 1165 2677 1244 βασιλέα,
2738 1158 3015 1250 κύριος

504 1259 822 1348 κύριον,
885 1259 1078 1344 θεὸς
1129 1259 1354 1345 θεόν,
1419 1256 1692 1342 ούσίας
1737 1289 1818 1330 τε
1863 1267 1994 1331 καὶ
2053 1266 2346 1348 βουλῆς
2401 1266 2532 1330 καὶ
2592 1258 2828 1350 δόξης
2884 1268 3015 1332 καὶ

501 1357 914 1449 δυνάμεως
961 1355 1596 1449 ἀπαράλλακτον
1642 1355 1933 1430 εἰκόνα.
1992 1365 2212 1430 ταῦτα
2254 1359 2343 1430 τὰ
2386 1356 2559 1449 ῥητὰ
2604 1369 2840 1446 σαφῶς
2882 1359 3015 1450 τὴν

508 1456 780 1549 φαύλην
838 1455 1052 1530 αὐτοῦ
1109 1465 1261 1549 περὶ
1319 1456 1660 1549 θεότητος
1718 1462 1971 1546 ἐλέγχει
2029 1456 2253 1545 δόξαν.
2335 1465 2487 1542 πῶς
2529 1486 2655 1581 γαρ
2699 1455 2737 1531 ὁ
2780 1458 3013 1548 κύριος
3046 1471 3115 1526 34

275 1573 345 1626 10
509 1566 862 1648 γεννηθεὶς
906 1565 1018 1630 καὶ
1067 1567 1125 1646 [ο
1107 1555 1148 1645 ‘]
1205 1557 1398 1644 θεός,
1463 1556 1558 1642 oe‘g
1602 1553 1810 1640 αῦτὸς
1854 1561 2223 1645 προλαβών
2282 1562 2431 1647 ἔφη,
2478 1556 2759 1631 δύναται
2802 1560 3013 1631 εἰκών

506 1663 675 1729 θεοῦ
717 1659 921 1744 εἷναι;
967 1659 1202 1748 ἕτερον
1245 1659 1372 1747 γὰρ
1417 1660 1623 1730 εἰκών
1651 1664 1840 1742 θεοῦ,
1886 1664 1997 1729 καὶ
2048 1659 2279 1748 ἕτερον
2317 1653 2498 1741 θεός.
2572 1655 2748 1730 ω’στε
2792 1665 2851 1730 εἰ
2893 1667 3015 1748 μὲν

505 1757 741 1842 εἰκών,
805 1753 889 1829 ού
932 1757 1164 1847 κύριος
1208 1755 1362 1831 οὐδὲ
1406 1754 1600 1844 θεός,
1665 1753 1814 1830 αλλ’
1862 1758 2069 1828 εἰκών
2123 1765 2359 1879 κυρίου
2409 1765 2521 1830 καὶ
2574 1765 2769 1830 θεοῦ·
2843 1763 2899 1830 εἰ
2942 1765 3015 1830 δὲ

507 1856 738 1948 κύριος
786 1884 1013 1941 οντως
1055 1864 1166 1928 καὶ
1211 1854 1395 1943 θεός,
1444 1816 1674 1931 οὐκέτι
1705 1853 1742 1929 ό
1773 1856 2004 1948 κύριος
2040 1867 2153 1930 καὶ
2199 1866 2259 1944 [ο
2239 1853 2281 1943 ‘]
2326 1856 2492 1941 θεὸς
2535 1858 2740 1929 εἰκών
2780 1867 3015 1948 κυρίου

504 1965 618 2028 καὶ
660 1963 833 2028 θεοῦ
878 1959 1050 2028 εἶναι
1097 1956 1394 2030 δύναται.

271 2071 344 2122 15
380 2061 492 2126 καὶ
566 2061 784 2127 ταῦτα
856 2053 1122 2145 σφόδρα
1201 2054 1567 2144 ἇβλεπτῶν
1646 2061 1936 2146 εἴρηκεν,
2018 2053 2141 2129 οῦκ
2224 2053 2548 2145 ἐννοήσας
2622 2087 2720 2141 ως
2789 2064 2899 2129 καὶ
2971 2053 3008 2130 ό
3044 2068 3112 2122 35

380 2154 524 2237 υἱὸς
593 2163 602 2238 Ι
665 2153 953 2228 δύναται
1022 2155 1315 2247 ἔμψυχός
1385 2185 1560 2228 ποτε
1633 2156 1839 2227 εἰκών
1913 2162 2039 2228 τοῦ
2097 2162 2274 2228 ἰδίου
2334 2157 2594 2245 πατρὸς
2664 2163 3007 2247 λεχθῆναι,
3046 2169 3126 2227 25

381 2253 652 2327 ἐπειδὰν
721 2249 762 2344 ᾖ
835 2262 937 2344 τῷ
1011 2263 1223 2345 πατρὶ
1285 2251 1710 2344 ὁμοιότατος.
1813 2261 2025 2327 τοῦτο
2087 2262 2251 2342 γοῦν
2322 2263 2434 2328 καὶ
2507 2251 2548 2344 ἦ
2618 2255 2843 2346 γραφὴ
2917 2263 3009 2329 δι-

381 2352 614 2426 δάσκει
687 2351 728 2444 ἦ
801 2361 1088 2444 λέγουσα
1165 2357 1432 2446 »ἔζησεν
1505 2361 1578 2425 δε
1619 2351 1820 2442 Ἀδαμ
1894 2351 2265 2442 τριάκοντα
2323 2365 2436 2426 καὶ
2496 2355 2804 2429 διακόσια
2866 2361 3005 2445 ἔτη,

379 2461 492 2526 καὶ
533 2457 891 2544 ἐγέννησεν
945 2455 1122 2526 κατὰ
1180 2453 1308 2544 τὴν
1365 2459 1554 2526 ἰδέαν
1611 2451 1826 2526 αὐτοῦ
1882 2461 1994 2526 καὶ
2053 2454 2229 2527 κατὰ
2290 2455 2418 2545 τὴν
2480 2451 2707 2528 εἰκόνα
2770 2452 3007 2528 αὐτοῦ·

270 2567 344 2621 20
379 2562 492 2626 καὶ
537 2550 979 2643 ἐπωνόμασεν
1022 2553 1105 2625 τὸ
1152 2547 1368 2644 ὄνομα
1411 2551 1623 2626 αὐτοῦ
1665 2559 1778 2628 38²
1805 2560 2025 2644 Σῆθι.
2110 2561 2222 2626 καὶ
2269 2563 2426 2645 περὶ
2484 2561 2608 2645 τῆς
2669 2553 3009 2646 θεότητος
3040 2575 3107 2629 36

379 2660 452 2726 δὲ
497 2661 624 2726 τοῦ
666 2658 817 2725 υἱοῦ
861 2647 898 2725 ὁ
945 2649 1334 2737 ἀπόστολος
1378 2651 1670 2726 διδάσκει
1713 2659 1941 2742 λέγων
2006 2682 2119 2736 »ος
2173 2657 2247 2724 ἐν
2298 2663 2530 2744 μορφῇ
2582 2661 2753 2727 θεοῦ
2794 2653 3005 2745 ὑπάρ-

378 2782 527 2844 χων
570 2751 690 2844 οὐχ
735 2749 1092 2844 ἁρπαγμὸν
1136 2749 1435 2845 ἡγήσατο
1480 2756 1563 2827 τὸ
1605 2755 1777 2826 εἶναι
1803 2757 1914 2825 ἴσα
1943 2757 2109 2846 θεῷ,
2157 2749 2304 2824 αλλ’
2336 2753 2582 2827 ἑαυτὸν
2612 2759 3005 2841 ἐκένωσενι,

379 2860 491 2925 καὶ
532 2850 744 2925 πάλιν
794 2848 906 2937 »ὃς
952 2847 1056 2927 ὢν
1101 2851 1500 2945 απαύγασμα
1543 2860 1668 2944 τῆς
1712 2851 1913 2944 δόξης
1954 2861 2067 2925 καὶ
2119 2854 2463 2944 χαρακτὴρ
2525 2860 2647 2944 τῆς
2704 2852 3007 2928 ὑποστά-

382 2977 614 3037 σεωςι.
714 2960 826 3024 καὶ
899 2958 972 3026 ἐν
1038 2956 1294 3043 ἑτέροις
1356 2960 1428 3027 δὲ
1491 2958 1751 3044 ειρηται
1819 2951 2258 3044 »ἀπαύγασμα
2334 2953 2461 3043 γάρ
2524 2960 2710 3027 ἐστιν
2771 2954 3008 3043 φωτὸς

268 3072 342 3127 25
383 3051 620 3139 ἇιδίου,
664 3062 776 3125 καὶ
823 3057 1162 3141 ε’σοπτρον
1209 3051 1643 3145 ἇκηλίδωτον
1687 3060 1810 3144 τῆς
1856 3060 1981 3125 τοῦ
2025 3060 2195 3127 θεοῦ
2238 3057 2589 3142 ἐνεργείας,
2644 3063 2757 3127 καὶ
2800 3058 3007 3127 εἰκων

381 3160 506 3244 τῆς
543 3151 982 3244 ἄγαθότητος
1020 3151 1290 3226 αύτοῦι.
1377 3146 1576 3237 αὖθις
1620 3159 1692 3225 δὲ
1737 3149 1775 3225 ό
1821 3150 2209 3237 ἀπόστολος
2267 3150 2837 3244 »ἀπεκδυσάμενοι
2880 3153 3008 3226 τὸν
3042 3173 3108 3227 37

381 3252 680 3326 παλαιὸν
725 3253 1142 3345 ἄνθρωπον,
1203 3260 1315 3325 καὶ
1377 3250 1814 3341 ἐνδυσάμενοι
1880 3251 2005 3325 τὸν
2048 3260 2209 3325 νέον
2252 3252 2379 3325 τὸν
2422 3248 3006 3376 α’νακαινούμενον

381 3356 478 3437 εἰς
519 3358 890 3444 ἐπίγνωσιν
933 3350 1083 3425 κατ’
1116 3350 1346 3425 εἰκόνα
1389 3360 1516 3473 τοῦ
1557 3361 1957 3435 κτίσαντος(
2003 3358 2241 3440 λέγων,
2290 3349 2493 3441 δῆλός
2534 3358 2722 3425 ἐστιν
2764 3350 2848 3425 ού
2879 3352 3008 3443 τὴν

381 3450 600 3543 σάρκα
661 3459 971 3543 εἰρῆσθαι
1033 3449 1372 3525 διδάσκων
1437 3452 1568 3543 τὴν
1631 3448 1863 3523 εἰκόνα
1924 3452 2093 3523 εἶναι
2154 3457 2281 3522 τοῦ
2331 3457 2517 3524 θεοῦ.
2600 3451 2892 3541 μεταβὰς
2936 3458 3009 3523 δὲ
3044 3473 3112 3529 38

265 3570 346 3624 30
384 3546 587 3636 αὖθις
629 3552 1032 3640 Μάρκελλος
1076 3555 1187 3623 ἐπὶ
1231 3554 1394 3636 τούς
1437 3548 1849 3635 ἐπισκόπους
1895 3542 2027 3623 ωδε
2068 3548 2311 3639 γράφει

511 3658 649 3741 (Nr.
681 3661 784 3742 87)
856 3652 1004 3723 ἰδοὺ
1045 3680 1170 3741 γαρ
1214 3651 1297 3725 τὸ
1339 3651 1516 3723 κατὰ
1560 3648 1898 3739 Ἀστέριον
1958 3646 2127 3740 ἡμᾶς
2182 3646 2264 3722 οὗ
2308 3656 2647 3721 τοσοῦτον
2693 3660 2906 3735 λυπεῖ,
2952 3656 3011 3722 εἰ
3087 3667 3095 3728 1
3140 3623 3277 3720 [Cf

509 3759 800 3825 τοιαῦτα
854 3747 1174 3840 προήχθη
1231 3748 1539 3842 γράφειν,
1607 3748 1754 3823 ἀλλ’
1820 3747 1932 3822 ὅτι
1984 3756 2095 3821 καὶ
2148 3778 2329 3831 τινες
2388 3757 2536 3821 τῶν
2594 3747 3011 3837 προεστάναι

511 3850 915 3924 δοκούντων
959 3856 1082 3939 τῆς
1125 3855 1498 3940 ἐκκλησίας,
1544 3856 1668 3939 τῆς
1711 3857 1833 3940 μὲν
1868 3845 2325 3940 ἇποστολικῆς
2356 3846 2843 3940 ἐπιλαθόμενοι
2884 3878 3011 3921 πα-

558 4072 744 4129 4—14
789 4070 1156 4141 ν31.Αοε.οἰυε
1188 4070 1282 4126 bei
1301 4070 1640 4143 Epiphanius
1663 4071 1814 4127 haer.
1836 4074 1916 4141 72,
1935 4074 1969 4129 6
1988 4071 2091 4141 (ed.
2118 4071 2373 4140 Dindorf)
2392 4100 2457 4112 —
2477 4072 2513 4128 5
2534 4071 2657 4125 Kol.
2681 4074 2812 4135 1,15
2836 4100 2903 4109 —
2930 4068 3008 4125 18

383 4174 523 4229 Gen.
547 4176 596 4236 5,
617 4176 734 4229 3-
752 4174 826 4228 21
867 4171 1008 4227 Phil.
1030 4174 1078 4241 2,
1097 4174 1216 4229 6-
1235 4172 1314 4228 28
1349 4170 1515 4228 Hebr.
1536 4177 1586 4240 1,
1604 4174 1636 4227 3
1655 4202 1722 4211 -
1755 4172 1836 4229 24
1874 4172 2079 4231 Weieh.
2101 4174 2213 4229 Sal.
2252 4176 2299 4240 7,
2318 4173 2386 4228 26
2420 4204 2487 4212 -
2524 4173 2601 4227 26
2636 4169 2763 4226 Kol.
2794 4172 2843 4239 3,
2871 4172 2921 4227 9.
2944 4172 3011 4227 10

560 4374 592 4429 1
651 4366 816 4431 οὐδὲν
851 4372 916 4440 V,
954 4390 1088 4428 corr.
1111 4374 1214 4429 We
1261 4377 1268 4443 Ι
1319 4374 1354 4429 4
1393 4370 1598 4431 ἑαυτοῦ
1631 4378 1794 4429 Aeac„
1833 4371 2009 4429 αὐτοῦ
2048 4374 2093 4427 V
2141 4375 2152 4441 Ι
2199 4373 2235 4429 5
2268 4373 2467 4443 λόγον]
2498 4370 2623 4429 υἱὸν
2646 4372 2725 4427 Re
2772 4374 2781 4440 Ι
2828 4370 3012 4442 πάσης

383 4480 553 4531 Aeac.
599 4476 612 4545 Ι
655 4474 690 4530 8
733 4472 954 4545 εἰκόνα]
991 4482 1057 4541 -Ι-
1093 4469 1269 4541 ὂὶλλος
1303 4515 1521 4530 .....
1559 4474 1814 4547 ἀοράτου
1847 4476 1929 4531 Re
1965 4475 2075 4543 vgl.
2114 4476 2165 4529 S.
2194 4478 2277 4537 24,
2315 4476 2419 4531 121·
2458 4476 2467 4543 Ι
2522 4450 2751 4545 ῥήματα
2796 4478 2959 4529 Aeac.
3002 4476 3008 4541 Ι

385 4580 424 4635 0
465 4573 642 4633 αὐτοῦ
677 4575 894 4647 φαύλην
931 4578 1094 4633 Aeac.
1153 4579 1162 4646 Ι
1214 4578 1293 4633 1⁰
1347 4576 1380 4632 ὁ
1417 4586 1484 4637 <
1517 4577 1676 4633 Aeac.
1725 4580 1734 4645 Ι
1782 4576 2035 4645 δύναται]
2082 4584 2146 4640 -ὶ-
2203 4570 2285 4633 ἔτι
2328 4582 2491 4631 Acac-
2538 4578 2547 4645 Ι
2598 4576 2676 4633 18
2729 4576 2915 4645 θεόςῐ]
2946 4582 3013 4639 -1-

387 4673 572 4744 &teuc
608 4678 774 4733 Aeac.
821 4680 831 4747 Ι
879 4674 912 4733 δ
949 4690 1014 4737 <
1050 4679 1214 4733 Aeac.
