3694 5582
1295 488 1488 540 contra
1521 484 1844 540 Marcellum
1881 485 1911 538 1
1944 489 1993 540 4.
2032 486 2084 538 II
2122 489 2168 539 1.
2954 491 3032 555 31

404 651 735 734 ἐπιστολῇ
778 646 908 736 τὴν
949 643 1334 735 παράθεσιν
1376 656 1772 738 πεποίηται,
1819 642 1916 718 δι’
1958 653 2039 738 ἧς
2082 645 2288 731 αὐτὸς
2334 649 2519 719 εἶπεν
2563 643 2601 720 ό
2647 643 3033 728 ἀπόστολος

411 747 542 830 »εἷς
593 746 720 836 γὰρ
781 743 820 818 ὁ
875 743 1064 832 θεός,
1125 747 1220 830 εἶς
1278 755 1391 819 καὶ
1451 755 1718 837 μεσίτης
1775 753 1946 819 θεοῦ
2005 756 2118 817 καὶ
2176 744 2609 836 άνθρώπων,
2656 747 3033 836 ἄνθρωπος

406 845 700 936 Χριστὸς
740 841 1045 935 Ἰησοῦςε.
1129 845 1396 936 ταύτην
1453 853 1575 934 μὲν
1637 839 1762 918 οὖν
1821 846 1955 936 τὴν
2015 843 2480 935 άποστολικὴν
2540 855 2722 934 λέξιν
2784 845 3031 918 ὦσανεὶ
3066 859 3133 914 65

405 943 733 1032 Ευσεβίου
776 937 1012 1030 οὖσαν,
1075 951 1505 1034 διαβέβληκεν
1564 945 1656 1035 μὴ
1709 954 1953 1027 συνιεὶς
2000 942 2038 1016 ὁ
2084 947 2495 1033 σοφώτατος
2540 941 2649 1018 ότι
2693 944 2820 1018 τὸν
2862 943 3030 1018 άπό·

295 1060 332 1112 5
403 1057 662 1118 στολον
727 1049 1098 1131 διέβαλλεν·
1159 1045 1284 1128 τὰς
1344 1040 1408 1116 δ’
1465 1041 1680 1118 αυτοῦ
1734 1045 1974 1132 φωνὰς
2028 1044 2152 1128 τὰς
2194 1048 2269 1116 ἐν
2312 1053 2399 1134 τῇ
2442 1042 2614 1133 αὐτῇ
2659 1050 3033 1135 φερομένας

404 1150 758 1233 ἐπιστολῇ,
819 1141 942 1228 τάς
1004 1172 1080 1216 τε
1141 1148 1216 1216 ἐν
1257 1163 1405 1226 τοῖς
1456 1156 1726 1225 λοιποῖς
1779 1141 1993 1216 αὐτοῦ
2046 1141 2541 1234 συγγράμμασιν
2588 1163 2731 1228 τοῖς
2776 1147 2868 1226 εἰς
2910 1143 3034 1226 τὰς

403 1253 597 1327 θείας
654 1242 919 1333 γραφὰς
976 1250 1506 1334 πεπονημένοις,
1579 1239 1622 1314 ἃ
1684 1242 1766 1334 δὴ
1827 1244 2003 1316 κατὰ
2060 1242 2293 1316 πάντα
2350 1241 2573 1316 τόπον
2633 1248 3032 1325 διαδέδοται,

403 1352 626 1434 σιωπῇ
669 1349 1172 1432 παραδέδωκεν,
1208 1342 1472 1430 κρύψας
1514 1350 1600 1432 τῇ
1647 1349 1656 1429 Ι
1705 1350 1931 1432 σιωπῇ
1977 1341 2018 1412 ἃ
2061 1343 2151 1433 μὴ
2197 1335 2346 1433 (ἦν)
2391 1363 2861 1432 συκοφαντεῖν.
2948 1343 3031 1415 τὸ
3066 1363 3272 1432 66180

405 1437 646 1533 ὅμοιον
689 1437 756 1513 δ’
802 1439 888 1512 ἂν
932 1435 1118 1530 εῦροι
1161 1473 1267 1526 τις
1311 1439 1528 1514 αὐτὸν
1579 1443 2010 1531 πεποιηκότα
2069 1450 2180 1514 καὶ
2242 1447 2353 1516 ἐπὶ
2414 1451 2561 1514 τῶν
2614 1452 2884 1517 λοιπῶν
2930 1435 3032 1526 ὧν

298 1557 369 1610 10
403 1550 842 1632 διαβέβληκεν
901 1540 1334 1631 γραμμάτων.
1420 1539 1462 1612 ἃ
1519 1539 1628 1631 δή,
1685 1538 1895 1631 λόγου
1956 1549 2359 1632 συμμετρίας
2412 1539 2823 1632 φειδόμενοι,
2883 1561 3030 1625 τοῖς

401 1647 759 1714 ἐθέλουσιν
819 1640 951 1730 τὴν
1012 1641 1289 1716 τούτων
1341 1637 1580 1731 ἀκριβῆ
1631 1650 1981 1713 ποιεῖσθαι
2022 1639 2389 1731 διάγνωσιν
2430 1639 3029 1732 παραχωρήσομεν,

401 1740 810 1823 σπεύδοντες
873 1737 1068 1812 αῦτοὶ
1129 1741 1264 1832 τὴν
1322 1738 1535 1814 αὐτοῦ
1597 1747 2000 1829 Μαρκέλλου
2058 1748 2215 1830 περὶ
2276 1747 2405 1812 τοῦ
2462 1745 2614 1813 υἱοῦ
2674 1749 2802 1814 τοῦ
2858 1749 3030 1814 θεοῦ

401 1849 839 1929 ξενοφωνίαν
900 1837 1028 1930 ἤδη
1082 1841 1330 1913 λοιπὸν
1388 1838 1858 1927 ἀποκαλύψαι,
1922 1837 2019 1922 ὦς
2079 1841 2164 1912 ἂν
2218 1840 2519 1931 φανερὸν
2572 1848 2840 1933 γένοιτο
2884 1863 3030 1926 τοῖς

401 1947 612 2013 πᾶσιν
656 1935 850 2022 ὅπως
895 1937 1104 2024 αὐτὸς
1147 1937 1420 2030 ἐφρόνει
1463 1947 1618 2027 περὶ
1662 1947 1788 2014 τοῦ
1831 1943 1983 2010 υἱοῦ
2026 1946 2154 2012 τοῦ
2196 1947 2381 2013 θεοῦ.

295 2229 366 2284 15
1670 2202 1769 2273 B'·
3066 2232 3139 2287 ει

645 2357 698 2417 α’
735 2355 892 2428 ὅπως
939 2358 1282 2432 Μάρκελλος
1323 2362 1466 2429 μήτε
1519 2353 1666 2416 εἶναι
1716 2362 1859 2428 μήτε
1913 2357 2306 2434 προϋπάρχειν
2357 2360 2459 2417 τὸν
2510 2359 2637 2417 υἱὸν
2687 2369 2791 2418 τοῦ

729 2449 876 2502 θεοῦ
911 2443 1028 2517 πρὸ
1063 2451 1163 2514 τῆς
1195 2441 1261 2501 ἐκ
1293 2441 1588 2515 παρθένου
1621 2447 1938 2515 γεννήσεως
1975 2441 2253 2515 ἐδόξαζεν.

638 2525 695 2604 β’
731 2525 888 2596 ὅπως
923 2527 1267 2600 Μάρκελλος
1299 2526 1532 2599 ἐφρόνει
1565 2531 1700 2600 περὶ
1734 2537 1838 2584 τοῦ
1873 2527 1935 2585 ἐν
1969 2536 2050 2602 τῷ
2088 2533 2208 2602 θεῷ
2245 2530 2438 2602 λόγου.

643 2609 695 2683 γ’
732 2609 890 2679 ὅπως
925 2609 1158 2684 ἐφρόνει
1180 2610 1520 2682 Μάρκελλος
1553 2615 1686 2683 περὶ
1717 2619 1817 2681 τῆς
1854 2612 2066 2685 σαρκὸς
2100 2612 2164 2684 ἧς
2200 2611 2501 2685 ἀνείληφεν
2536 2611 2569 2670 ὁ
2603 2613 2791 2682 λόγος.

294 2717 368 2771 20
643 2689 693 2753 δ’
728 2696 933 2754 ὁποῖον
967 2697 1309 2771 Μάρκελλος
1343 2695 1544 2768 ἐπάγει
1577 2695 1740 2763 τέλος
1772 2703 1842 2768 τῇ
1878 2707 1979 2753 τοῦ
2011 2699 2265 2769 Χριστοῦ
2298 2699 2555 2773 βασιλείᾳ
2589 2701 2689 2755 καὶ
2722 2705 2792 2769 τῇ

730 2784 902 2855 σαρκὶ
935 2773 970 2853 ᾖ
1006 2779 1323 2852 ἀνείληφεν.

569 2937 612 3005 1
663 2930 796 3020 Τὴν
837 2936 965 3003 τοῦ
1009 2928 1333 3004 Γαλάτου
1383 2938 1615 3004 πίστιν
1667 2960 1708 3019 η
1763 2937 1875 3002 καὶ
1916 2936 2185 3021 μᾶλλον
2227 2928 2357 3020 τὴν
2398 2926 2721 3003 ἀπιστίαν
2766 2932 2895 3025 τὴν
2937 2938 3030 3017 εἰς
3138 2932 3323 3023 <Qum

403 3029 534 3102 τὸν
591 3031 744 3103 υἱὸν
804 3037 932 3103 τοῦ
992 3037 1188 3115 θεοῦ,
1249 3029 1482 3120 καιρὸς
1541 3028 1671 3120 ἤδη
1731 3040 1928 3103 καλεῖ
1982 3028 2150 3119 μετὰ
2209 3029 2341 3120 τὴν
2399 3033 2671 3103 ἔκθεσιν
2724 3040 2871 3103 τῶν
2912 3029 3031 3103 υπ’
3064 3003 3365 3175 λέζάῗξὲὲ

403 3126 620 3203 αὐτοῦ
681 3135 1211 3251 διαβληθέντων
1259 3135 1352 3213 εἰς
1414 3136 1563 3217 φῶς
1623 3127 1921 3221 άγαγεῑν,
1982 3136 2091 3201 καὶ
2155 3136 2165 3217 Ι
2231 3129 2363 3220 τὴν
2421 3129 2692 3219 χρόιοις
2750 3152 3029 3221 μακροῖς
3066 3156 3142 3211 32
3247 3150 3393 3212 εἶναι

293 3249 368 3304 25
403 3227 952 3320 ἐνδομυχήσασαν
1012 3234 1114 3319 τῷ
1169 3224 1362 3319 άνδρὶ
1427 3234 1836 3316 κακοδοξίαν
1898 3229 2103 3317 βραχὺ
2164 3228 2658 3319 περιελθόντας
2720 3238 2846 3303 τοῦ
2906 3237 3028 3320 τῆς
3061 3242 3204 3326 μήτε
3226 3245 3397 3313 προϋ-

403 3334 768 3419 ἐπιστολῆς
810 3327 1289 3419 προσχήματος
1334 3325 1846 3418 ἀπογυμνοῦσαι,
1910 3335 2115 3416 δεῖξαί
2176 3357 2253 3399 τε
2305 3349 2449 3412 τοῖς
2499 3336 2705 3401 πᾶσιν
2750 3330 2858 3403 διὰ
2904 3337 3027 3419 τῆς
3094 3307 3364 3431 τ’ξξρξξὲζ

405 3436 556 3501 τῶν
601 3425 813 3501 αὐτοῦ
856 3436 1121 3515 φωνῶν
1169 3435 1538 3519 μαρτυρίας
1599 3423 1744 3511 οἶός
1804 3458 1908 3510 τις
1968 3456 2075 3497 ων
2136 3433 2260 3517 τῆς
2304 3434 2607 3516 Χριστοῦ
2655 3440 3027 3518 καθηγεῑτο
3096 3451 3198 3497 τοῦ
3230 3447 3376 3499 θεοῦ

401 3533 528 3603 40¹
569 3532 920 3618 ἐκκλησίας
954 3526 1367 3649 ςἄνθρωπος,
1430 3526 1597 3617 μήτε
1648 3529 1818 3599 εἶναι
1873 3525 2043 3618 μήτε
2085 3526 2595 3614 προϋφεστάναι
2637 3526 2805 3619 μήτε
2849 3522 3028 3610 όλως
3062 3528 3175 3633 ’ξξὲ
3204 3520 3381 3635 ἔξω,
3212 3508 3401 3567 τ”ἐκ

401 3628 696 3700 πώποτε
737 3627 890 3699 υἱὸν
929 3624 1224 3715 ὑπάρξαι
1269 3634 1372 3717 τῷ
1415 3635 1561 3717 θεῷ
1613 3625 1748 3713 πρὸ
1801 3634 1930 3698 τοῦ
1973 3633 2301 3717 τεχθῆναι
2353 3628 2463 3699 διὰ
2508 3634 2631 3717 τῆς
2672 3635 3029 3717 παρθένου
3064 3598 3381 3728 γενῖήσεως

294 3746 368 3801 30
403 3725 734 3815 δοξάζων,
781 3724 949 3799 αὐτὸ
995 3734 1066 3797 δὲ
1109 3723 1326 3816 μόνον
1356 3728 1526 3797 εἶναι
1555 3725 1765 3814 λόγον
1793 3724 2100 3813 φάσκων,
2148 3733 2419 3816 συμφυᾶ
2449 3733 2550 3817 τῷ
2582 3736 2749 3819 θεῷ,
2794 3724 3030 3810 ἀιδίως
3064 3709 3359 3782 &agnam

403 3824 596 3917 αὖτῷ
641 3822 941 3898 συνόντα
981 3834 1094 3897 καὶ
1139 3822 1519 3916 ἡνωμένον,
1583 3824 1798 3909 οἶος’
1777 3823 1861 3895 ἂν
1906 3830 2004 3916 εἴη
2049 3831 2161 3897 καὶ
2206 3822 2243 3897 ό
2288 3831 2361 3897 ἐν
2406 3822 2761 3917 άνθρωπῳ
2807 3827 3027 3917 λόγος.

405 3926 640 4017 τούτῳ
683 3926 808 4017 γὰρ
859 3924 1068 4009 αὐτὸς
1103 3931 1349 4016 χρῆται
1390 3933 1493 4017 τῷ
1539 3933 2045 4015 παραδείγματι,
2092 3920 2303 4014 λόγον
2347 3926 2518 3998 εἶναι
2563 3926 2783 4017 φήσας
2826 3930 3027 4001 ἔνδον
3094 3951 3128 4006 2

404 4032 481 4097 ἐν
526 4024 715 4115 αὐτῷ
763 4032 864 4116 τῷ
909 4032 1084 4116 θεῷ,
1145 4032 1319 4097 ποτὲ
1361 4032 1482 4114 μὲν
1527 4021 1981 4114 ἡσυχάζοντα,
2036 4031 2209 4096 ποτὲ
2252 4031 2323 4097 δὲ
2376 4034 2805 4115 σημαντικῶς
2851 4032 3028 4115 ἐνερ-

580 4198 617 4253 2
665 4198 690 4251 1
723 4196 862 4252 Tim.
898 4198 948 4265 2,
984 4200 1018 4253 5
1069 4228 1137 4237 -
1191 4197 1326 4253 2811
1369 4198 1484 4267 vgl.
1521 4196 1613 4251 Nr.
1649 4198 1869 4253 42—44.
1908 4198 2112 4253 54-56
2146 4215 2198 4253 u.
2237 4198 2287 4252 8.
2305 4200 2389 4265 43,
2428 4198 2549 4254 13ff
2593 4218 2646 4253 u.
2682 4204 2730 4254 δ.
2777 4226 2844 4239 ——
2890 4201 3033 4257 8211

409 4300 520 4371 vgl.
554 4300 751 4356 Nr.55.
788 4298 871 4355 56.
907 4300 976 4355 92
1009 4316 1062 4353 u.
1098 4298 1151 4355 S.
1185 4300 1236 4365 4,
1273 4300 1397 4354 15ff
1442 4302 1490 4365 5,
1527 4300 1652 4353 3211·
1695 4300 1781 4363 43,
1817 4300 1941 4353 14ff

581 4450 618 4507 8
654 4436 724 4520 ἦν
757 4449 854 4504 Mo
900 4452 910 4518 ι
960 4451 1038 4506 ιο
1076 4451 1390 4521 συμμετρία
1409 4450 1473 4515 v,
1511 4467 1647 4506 corr.
1667 4450 1740 4503 Kl
1767 4451 1913 4504 nach
1948 4450 1999 4503 d.
2038 4450 2168 4505 0001.
2192 4450 2273 4505 th.
2301 4452 2394 4516 111,
2432 4454 2479 4513 τ,
2506 4452 2539 4505 2
2584 4452 2593 4518 ι
2644 4452 2718 4507 11
2758 4468 3025 4522 παραχω-

407 4555 676 4625 ρήσαιμεν
694 4553 743 4606 V
791 4555 800 4622 Ι
849 4552 927 4609 ’124
945 4546 1120 4609 αὐτοῦ
1139 4552 1244 4607 We
1262 4545 1436 4621 αὐτὴν
1455 4552 1504 4606 V
1537 4553 1546 4620 Ι
1588 4552 1664 4607 14
1687 4551 1903 4605 danaeh
1927 4558 2045 4607 τῶν
2069 4550 2215 4623 πρὸς
2232 4550 2572 4623 Μάρκελλον
2607 4548 2858 4623 ἐλέγχων
2887 4555 2923 4608 ἃ
2941 4554 2996 4606 V
3018 4556 3023 4621 ζ

411 4656 490 4712 15
514 4650 579 4709 B'
609 4655 793 4710 hinber
816 4654 914 4711 der
933 4654 1366 4724 Capibelangabo
1387 4653 1434 4708 V
1464 4655 1474 4722 Ι
1506 4653 1715 4709 2211ss
1751 4648 1909 4719 ὅπως
1928 4682 1993 4693 -
2011 4650 2275 4721 ἐδόξαζεν
2293 4672 2332 4724 g
2360 4658 2369 4721 Ι
2402 4654 2481 4709 80
2500 4652 2674 4710 αὐτὸν
2694 4654 2757 4723 V,
2778 4654 3029 4710 eorr.We
