3694 5582
1161 503 1230 559 de
1265 503 1635 559 ecclesiastiea.
1669 505 1956 574 theologia.
1987 506 2039 558 II
2074 505 2123 560 8.
2160 508 2208 561 9.
2878 515 2991 578 109

370 673 494 756 μὲν
553 660 765 739 οὖσαν
824 663 1169 756 πρότερον
1229 669 1374 739 εἶτα
1435 667 1605 740 ἄλλο
1679 676 1747 739 τί
1815 675 2223 758 γιγνομένην
2291 675 2401 739 καὶ
2472 667 2685 741 πάλιν
2756 675 2848 752 εἰς
2910 669 2991 742 τὸ

372 763 654 856 ἀρχαῖον
723 763 1387 856 ἀποκαθισταμένην.
1489 765 1534 838 ἃ
1596 769 1678 859 δὴ
1743 765 2140 856 Μάρκελλος
2200 764 2451 859 ἐτόλμα
2510 766 2989 855 ὑποτίθεσθαι,
3058 789 3095 842 4

371 864 584 939 πάλαι
624 873 749 956 μὲν
793 873 1014 957 λέγων
1059 869 1232 939 εἶναι
1275 865 1402 939 τὸν
1445 867 1615 941 θεὸν
1655 875 1772 940 καί
1816 897 1968 939 τινα
2013 865 2293 957 ἡσυχίαν
2336 861 2469 957 ἅμα
2500 876 2601 959 τῷ
2632 878 2779 960 θεῷ
2825 899 2991 942 υπο-

373 964 661 1056 γράφων
736 968 956 1056 ἑαυτῷ
1037 963 1211 1052 (κατ’
1281 965 1494 1039 αὐτὸν
1555 973 1815 1041 ἐκεῖνον
1876 967 2002 1039 τὸν
2064 975 2212 1058 τῶν
2275 965 2510 1050 ἀθέων
2536 972 2997 1058 αἱρεσιωτῶν

308 1079 338 1132 5
373 1062 672 1155 ἀρχηγὸν
736 1059 811 1149 ὃς
865 1066 950 1138 τὰ
1007 1065 1182 1139 ἄθεα
1226 1072 1654 1157 δογματίζων
1715 1065 2132 1156 ἀπεφαίνετο
2196 1074 2441 1156 λέγων·
2516 1059 2601 1157 ἦν
2662 1066 2826 1150 θεὸς
2885 1077 2997 1140 καὶ

373 1163 577 1255 σιγή),
631 1165 802 1254 μετὰ
849 1172 920 1238 δὲ
965 1168 1098 1256 τὴν
1139 1168 1334 1258 σιγὴν
1375 1175 1489 1239 καὶ
1532 1168 1664 1258 τὴν
1709 1164 1988 1258 ἡσυχίαν
2031 1176 2402 1256 προελθεῖν
2448 1164 2573 1238 τὸν
2618 1162 2828 1256 λόγον
2870 1175 2997 1239 τοῦ

371 1273 546 1338 θεοῦ
587 1269 663 1337 ἐν
709 1261 878 1356 ὀρχῇ
931 1273 1056 1356 τῆς
1104 1275 1550 1356 κοσμοποιίας
1611 1272 1935 1356 δραστικῇ
1998 1271 2319 1360 ἐνεργεία·
2392 1296 2489 1349 ως
2548 1263 2777 1356 μηκέτ’
2824 1269 2997 1338 εἶναι

373 1361 606 1451 αὐτόν,
650 1367 796 1449 οἶος
840 1357 927 1455 ἦν
969 1371 1044 1438 ἐν
1088 1374 1446 1439 σιωπῶντι
1489 1374 1592 1458 τῷ
1637 1374 1784 1458 θεῷ
1828 1365 2175 1456 πρότερον
2204 1363 2575 1456 ἡσυχάζων,
2622 1363 2771 1439 ἀλλ’
2816 1372 2993 1454 ἐνερ-

370 1484 515 1554 γεῖν
576 1463 1080 1556 προερχόμενον
1140 1473 1267 1539 τοῦ
1327 1473 1512 1538 θεοῦ.
1595 1474 1708 1538 καὶ
1769 1473 1921 1548 πῶς
1982 1464 2111 1553 ἄρα
2171 1463 2445 1554 προῄει,·
2514 1463 2798 1549 πάντως
2858 1495 2996 1538 που
3064 1481 3097 1535 5

278 1579 338 1632 10
370 1565 550 1637 κατὰ
592 1566 958 1654 προφορὰν
1005 1573 1239 1656 φωνῆς
1269 1563 1629 1656 ἐνάρθρου,
1677 1573 2154 1654 φθεγγομένου
2180 1565 2438 1656 δηλαδὴ
2473 1573 2585 1636 καὶ
2615 1573 2996 1649 λαλοῦντος

373 1672 500 1736 τοῦ
561 1672 732 1738 θεοῦ
791 1660 1046 1755 ὁμοίως
1109 1660 1521 1753 ἀνθρώποις.
1627 1673 1836 1739 τοῦτο
1897 1673 2067 1754 γοῦν
2126 1663 2315 1756 αὐτῷ
2380 1661 2596 1736 ἐδόκει
2655 1662 2996 1754 γράφοντι
3030 1653 3094 1717 XX*

372 1771 632 1837 τοῦτον
676 1763 806 1836 τὸν
847 1762 1115 1857 τρόπον

501 1869 638 1950 (Nr.
684 1872 788 1952 55)
835 1861 1064 1952 ὥσπερ
1111 1863 1235 1953 γὰρ
1279 1863 1368 1937 τὰ
1410 1861 1740 1954 γεγονότα
1781 1863 2013 1937 πάντα
2054 1863 2189 1938 ὕπὸ
2234 1869 2362 1936 τοῦ
2402 1863 2665 1953 πατρὸς
2719 1864 2829 1938 διὰ
2872 1871 2999 1936 τοῦ

500 1961 712 2052 λόγου
763 1969 1069 2053 γέγονεν,
1134 1959 1320 2036 οὕτω
1371 1972 1484 2036 καὶ
1538 1965 1626 2036 τὰ
1680 1962 2005 2053 λεγόμενα
2046 1963 2183 2037 ὑπὸ
2230 1972 2354 2036 τοῦ
2411 1965 2673 2053 πατρὸς
2718 1965 2829 2037 διὰ
2874 1971 2998 2036 τοῦ

276 2077 336 2130 15
500 2060 710 2153 λόγου
751 2072 1158 2152 σημαίνεται.

369 2172 484 2236 καὶ
529 2157 728 2246 αὖθις
2982 2227 2987 2232 ,
3062 2174 3096 2228 6

503 2268 641 2351 (Nr.
686 2271 790 2350 56)
835 2261 1066 2335 πάντα
1110 2261 1237 2353 γὰρ
1283 2257 1406 2335 ὅσα
1453 2261 1538 2334 ἂν
1582 2258 1619 2334 ὁ
1663 2265 1895 2355 πατὴρ
1938 2270 2127 2353 λέγῃ,
2190 2270 2408 2334 ταῦτα
2469 2270 2825 2353 πανταχοῦ
2884 2262 2992 2335 διὰ

503 2368 628 2434 τοῦ
670 2360 886 2451 λόγου
929 2370 1153 2451 λέγων
1195 2370 1529 2450 φαίνεται.
1617 2369 1831 2434 τοῦτο
1878 2368 1949 2434 δὲ
1994 2359 2209 2452 δῆλόν
2252 2367 2439 2434 ἐστιν
2481 2372 2595 2433 καὶ
2636 2359 2754 2450 ἀφ’
2800 2359 2995 2452 ἡμῶν

501 2459 767 2547 αὐτῶν,
827 2455 952 2534 ὅσα
993 2461 1194 2549 μικρὰ
1239 2482 1385 2546 τοῖς
1427 2459 1742 2551 μεγάλοις
1784 2469 1899 2533 καὶ
1942 2470 2157 2546 θείοις
2201 2457 2582 2534 ἀπεικάσαι·
2650 2469 2763 2533 καὶ
2806 2459 2994 2552 ἡμεῖς

271 2573 334 2626 20
505 2562 631 2653 γὰρ
675 2559 906 2634 πάντα
951 2556 1078 2634 ὅσα
1123 2559 1210 2632 ἂν
1252 2567 1567 2650 θέλωμεν
1609 2560 1784 2633 κατὰ
1826 2560 1911 2633 τὸ
1944 2561 2241 2634 δυνατὸν
2273 2568 2491 2652 λέγειν
2522 2589 2595 2634 τε
2626 2569 2739 2634 καὶ
2768 2581 2992 2634 ποιεῖν

499 2670 604 2753 τῷ
648 2657 956 2752 ἡμετέρῳ
999 2667 1330 2750 ποιοῦμεν
1372 2658 1573 2753 λόγῳ.
1632 2671 1642 2747 Ι
3029 2667 3143 2724 115

366 2770 426 2836 εἰ
473 2762 556 2853 δὴ
602 2755 728 2835 οὖν
771 2753 998 2843 οὕτως
1041 2755 1078 2833 ό
1124 2758 1328 2850 λόγος
1379 2767 1738 2852 προῆλθεν
1799 2768 1926 2833 τοῦ
1986 2762 2248 2852 πατρὸς
2305 2768 2627 2853 δραστικῇ
2673 2766 2990 2853 ἐνεργείᾳ,
3063 2779 3093 2833 ’1

365 2860 600 2935 πόθεν
645 2868 1026 2951 Μαρκέλλῳ
1071 2865 1378 2950 ἐπῆλθεν
1417 2870 1796 2949 περιορίσαι
1837 2859 2097 2951 χρόνον
2138 2870 2225 2951 τῇ
2269 2868 2397 2935 τοῦ
2440 2858 2648 2951 λόγου
2699 2865 2994 2953 ἐνεργείᾳ

366 2962 506 3035 τὸν
551 2968 672 3051 τῆς
716 2969 1134 3046 συντελείας,
1196 2958 1356 3033 καθ’
1403 2955 1485 3032 ὃν
1530 2965 1800 3033 ἔσεσθαι
1841 2960 2083 3049 φάσκει
2128 2961 2257 3033 τὸν
2299 2958 2514 3049 λόγον
2556 2965 2629 3034 ἐν
2674 2970 2778 3052 τῷ
2824 2968 2991 3050 θεῷ,

265 3076 330 3131 25
369 3061 606 3150 ὥσπερ
651 3068 762 3132 καὶ
805 3057 1148 3150 πρότερον
1191 3052 1278 3149 ἦν
1333 3058 1699 3149 (πρότερον
1763 3068 1832 3133 δὲ
1896 3059 2319 3151 ἡσυχάζοντα
2381 3058 2595 3133 αὐτὸν
2649 3066 2872 3133 ἐδίδου
2924 3066 2997 3132 ἐν

366 3170 736 3235 σιωπῶντι
796 3168 901 3250 τῶ
964 3167 1172 3251 θεῷ);
1233 3156 1486 3231 οῦκοῦν
1545 3167 1658 3231 καὶ
1717 3161 1888 3251 μετὰ
1948 3162 2078 3252 τὴν
2140 3168 2532 3234 συντέλειαν
2595 3156 2831 3250 ἡσυχία
2894 3191 2998 3244 τις

367 3267 582 3345 ἔσται,
627 3266 835 3351 μηδὲν
878 3266 1251 3349 μέλλοντος
1293 3264 1592 3348 ἐνεργεῖν
1635 3266 1764 3332 τοῦ
1805 3265 2033 3349 λόγου.
2118 3258 2291 3333 ἀλλὰ
2334 3260 2471 3350 πρὸ
2514 3266 2637 3349 μὲν
2681 3266 2805 3350 τῆς
2848 3268 2995 3333 τῶν

365 3368 690 3452 γενητῶν
749 3359 1132 3443 συστάσεως
1186 3356 1385 3431 οὐδὲν
1445 3351 1556 3449 ἦν,
1622 3368 1855 3448 φησίν,
1918 3361 2104 3451 πλὴν
2164 3366 2360 3444 θεοῦ,
2422 3368 2533 3430 καὶ
2586 3364 2730 3431 ἐπεὶ
2789 3366 2997 3450 μηδὲν

365 3454 476 3551 ἦν,
527 3458 811 3542 εἰκότως
857 3461 1080 3551 ἑαυτῷ
1127 3460 1257 3548 τὴν
1302 3456 1580 3550 ἡσυχίαν
1623 3465 1991 3532 ἐτυποῦτο·
2061 3461 2235 3532 κατὰ
2290 3467 2360 3531 δὲ
2414 3458 2541 3532 τὸν
2596 3466 2718 3551 τῆς
2762 3483 2989 3531 συντε-
3058 3473 3094 3527 8

264 3576 332 3631 30
367 3568 556 3643 λείας
603 3556 846 3649 καιρὸν
891 3560 1142 3649 Δανιὴλ
1189 3554 1226 3631 ὁ
1269 3558 1634 3650 προφήτης
1675 3558 1810 3648 πρὸ
1857 3566 1982 3630 τοῦ
2024 3556 2287 3649 θρόνου
2318 3566 2443 3631 τοῦ
2470 3568 2641 3633 θεοῦ
2667 3556 2991 3650 μυριάδας

367 3664 648 3732 ἔσεσθαι
707 3667 1015 3746 θεσπίζει
1077 3665 1302 3747 λέγων
1378 3667 1620 3747 »χίλιαι
1685 3656 1979 3747 χιλιάδες
2042 3658 2517 3748 ἐλειτούργουν
2587 3656 2807 3751 αὐτῷ,
2880 3666 2993 3730 καὶ

367 3758 604 3851 μύριαι
648 3756 964 3847 μυριάδες
1016 3755 1576 3846 παρειστήκεισαν
1630 3762 2015 3849 ἔμπροσθεν
2068 3756 2347 3844 αὐτοῦς,
2410 3757 2666 3841 πάντες
2726 3766 2802 3832 δέ
2857 3789 2996 3833 που
3062 3776 3096 3830 9

367 3866 484 3931 καὶ
534 3861 602 3930 οἱ
643 3863 778 3929 ὐἱοὶ
822 3865 948 3930 τοῦ
991 3865 1368 3947 μέλλοντος
1411 3864 1666 3941 αἰῶνος
1708 3855 1871 3931 τότε
1918 3862 2189 3930 ἔσονται
2220 3862 2297 3929 αἵ
2332 3888 2407 3931 τε
2438 3856 2756 3948 μακάριαι
2786 3868 2995 3948 ψυχαὶ

369 3964 825 4047 πατριαρχῶν
875 3966 988 4030 καὶ
1049 3965 1434 4046 προφητῶν
1487 3967 1600 4028 καὶ
1654 3955 2069 4031 ἀποστόλων
2122 3952 2278 4047 ἅγιά
2322 3987 2399 4030 τε
2440 3958 2794 4048 πνεύματα
2836 3987 2997 4050 μαρ-

264 4076 332 4128 35
369 4058 614 4147 τύρων
653 4052 884 4130 πάντα
931 4087 1006 4129 τε
1043 4054 1362 4144 πρόβατα
1409 4064 1533 4129 τοῦ
1575 4065 1889 4147 σωτῆρος
1942 4054 2140 4148 ἡμῶν
2203 4057 2289 4129 τὰ
2352 4063 2427 4129 ἐκ
2487 4063 2730 4145 δεξιῶν
2787 4056 2999 4131 αὐτοῦ

547 4228 652 4283 aff
699 4228 808 4297 vgl.
846 4226 938 4280 Nr.
977 4227 1044 4282 92
1097 4256 1162 4266 -·
1217 4226 1298 4283 51'
1343 4226 1560 4295 Simon,
1607 4229 1722 4298 vgl.
1758 4227 1933 4294 Zahn,
1980 4228 2229 4299 Ignatius
2266 4248 2313 4283 v.
2351 4232 2479 4284 Ant.
2514 4229 2566 4283 S.
2602 4230 2743 4286 3901·
2788 4260 2853 4269 —
2906 4230 3006 4285 ΒΕ

369 4331 489 4401 vgl.
527 4329 622 4383 Nr.
656 4332 738 4383 54.
777 4327 879 4382 108
911 4358 978 4367 —-
1016 4327 1139 4383 241
1170 4328 1281 4397 vgl.
1317 4328 1410 4384 Nr.
1448 4330 1550 4384 108
1583 4358 1650 4367 —
1691 4330 1808 4385 ‘251’
1839 4331 1951 4398 vgl.
1988 4329 2083 4383 Nr.
2117 4332 2184 4385 92
2221 4330 2328 4399 (54)
2364 4361 2431 4370 —
2468 4331 2590 4387 271
2620 4332 2731 4401 vgl.
2769 4330 2861 4385 Nr.
2900 4332 3000 4386 108

367 4462 438 4472 —
480 4432 556 4487 81
597 4430 734 4485 Dan.
774 4433 820 4494 7,
857 4431 924 4485 10

547 4583 586 4638 9
623 4575 828 4653 προῄει
865 4582 942 4635 V²
974 4581 1176 4653 προείη
1213 4581 1294 4633 V*
1350 4582 1358 4649 Ι
1427 4581 1502 4636 11
1540 4580 1700 4651 γοῦν]
1737 4589 1802 4647 ÷
1837 4582 1937 4637 καὶ
1968 4582 2059 4637 fib.
2101 4583 2151 4636 d.
2188 4583 2240 4638 Z.
2278 4584 2355 4637 V²
2418 4585 2427 4651 l
2492 4584 2566 4639 21
2596 4582 2894 4652 ποιοῦμεν]
2934 4590 2994 4645 -4-

368 4685 476 4740 καὶ
510 4682 754 4753 λέγομεν
787 4683 882 4738 Mo
947 4684 956 4752 Ι
1024 4684 1104 4738 24
1139 4683 1242 4739 τὸν
1279 4682 1355 4736 V²
1389 4700 1436 4736 a..
1473 4683 1537 4737 R.
1575 4684 1675 4751 τὴν
1715 4684 1796 4737 V*
1862 4686 1870 4751 Ι
1935 4684 2013 4739 82
2050 4688 2229 4755 δήπου
2265 4705 2320 4740 m
