3694 5582
747 538 863 601 178
1918 528 2183 585 Eusebius

740 690 1065 783 ἐκάθητο,
1106 701 1219 765 καὶ
1262 691 1346 765 τὸ
1389 694 1636 781 ἔνδυμα
1681 688 1895 764 αὐτοῦ
1940 688 2181 764 λευκὸν
2212 688 2309 773 ῶς
2333 691 2525 778 χιών,
2567 698 2677 761 καὶ
2710 688 2751 782 ἦ
2793 700 2952 781 θρὶξ
2995 698 3117 781 τῆς
3151 721 3351 779 κεφα-

742 798 864 883 λῆς
924 788 1137 864 αὐτοῦ
1199 788 1356 863 ῶσεὶ
1407 794 1592 882 ἔριον
1649 786 1985 881 καθαρόν·
2070 786 2109 863 5
2170 787 2430 879 θρόνος
2489 787 2702 864 αὐτοῦ
2754 790 2931 880 φλὸξ
2988 788 3229 879 πυρός.
3290 795 3352 863 οἱ

741 899 975 982 τροχοὶ
1019 888 1233 965 αὐτοῦ
1275 898 1409 980 πῦρ
1453 898 1726 981 φλέγον.
1811 889 2123 980 ποταμὸς
2166 888 2379 979 πυρὸς
2424 888 2646 962 εἷλκεν
2686 892 3076 982 ἔμπροσθεν
3120 888 3353 962 αὐτοῦ·

737 1002 946 1082 χίλιαι
985 989 1278 1082 χιλιάδες
1305 990 1779 1080 ἐλειτούργουν
1807 987 2019 1081 αύτῷ,
2064 999 2175 1061 καὶ
2203 989 2429 1079 μύριαι
2457 988 2768 1080 μυριάδες
2796 987 3354 1081 παρειστήκεισαν

673 1108 706 1159 5
742 1097 1123 1182 ἔμπροσθεν
1150 1089 1386 1165 αὐτοῦ·
1430 1089 1780 1180 κριτήριον
1808 1088 2142 1175 ἐκάθισεν,
2186 1096 2299 1162 καὶ
2328 1098 2546 1175 βίβλοι
2586 1088 3094 1180 ήνεῴχθησανι,
3142 1095 3355 1161 ταῦτα

737 1190 1294 1282 προθεασάμενος
1323 1193 1472 1282 ἑξῆς
1501 1188 1630 1262 τὸν
1655 1189 1810 1261 υἱὸν
1839 1196 1967 1262 τοῦ
1998 1186 2379 1278 άνθροόπου
2424 1200 2676 1278 θεωρεῖ
2711 1194 2822 1262 ἐπὶ
2866 1195 3015 1261 τῶν
3044 1196 3354 1276 νεφελῶν

740 1299 865 1364 τοῦ
909 1288 1206 1382 ούρανοῦ
1239 1287 1628 1381 προσιόντα
1672 1296 1774 1380 τῷ
1817 1296 2092 1379 παλαιῷ
2138 1298 2285 1361 τῶν
2327 1287 2599 1379 ἡμερῶν
2648 1296 2759 1361 καὶ
2814 1288 2946 1379 τὴν
2989 1288 3355 1376 ἄφθαρτρν

737 1400 1078 1479 βασιλείαν
1136 1387 1654 1480 ὖποδεχόμενον.
1741 1386 1993 1462 οὐκοῦν
2052 1396 2163 1460 καὶ
2224 1386 2387 1460 τότε
2448 1386 2916 1476 διαφερόντως
2972 1395 3085 1459 καὶ
3142 1416 3351 1477 κρειτ-

741 1491 964 1575 τόνως
993 1486 1036 1580 ἢ
1069 1494 1193 1563 νῦν
1225 1487 1436 1580 ἀρχὴν
1466 1490 1596 1575 ἕξει
1639 1496 1768 1561 τοῦ
1808 1486 2185 1573 βασιλεύειν
2227 1496 2377 1560 τῶν
2419 1494 2543 1578 τῆς
2585 1487 3085 1579 μακαριότητος
3126 1485 3352 1572 α’ξίων.

639 1611 704 1665 10
741 1591 1017 1673 τούτοις
1045 1608 1369 1679 μαρτυρεῖ
1391 1588 1476 1661 τὸ
1509 1584 1942 1677 Εὖαγγέλιον,
1988 1593 2061 1660 ἐν
2093 1586 2196 1671 οἷς
2226 1585 2433 1671 αὐτὸς
2474 1592 3021 1678 ἐπισφραγίςεται
3052 1583 3089 1659 5
3124 1586 3351 1675 σωτὴρ
3386 1603 3443 1653 11

741 1692 862 1775 τὰς
905 1688 1337 1779 προφητικὰς
1380 1695 1608 1775 λέξεις,
1655 1688 1818 1770 τοὺς
1860 1695 2013 1775 περὶ
2056 1696 2441 1769 συντελείας
2484 1684 2726 1776 λόγους
2754 1687 3170 1777 παραδιδοὺς
3213 1706 3353 1766 τοῖς

739 1792 986 1861 ἑαυτοῦ
1027 1798 1366 1879 μαθηταῖς
1411 1784 1492 1859 δι’
1526 1779 1632 1859 ῶν
1676 1784 1868 1859 ταῦτ’
1907 1791 2247 1858 ἐδίδασκεν
2291 1793 2514 1875 λέγων
2561 1782 2771 1859 »ὅταν
2814 1793 2885 1858 δὲ
2928 1791 3099 1874 ἔλθῃ
3148 1782 3185 1857 5
3215 1786 3355 1867 υἱὸς
3442 1816 3479 1843 ⁶

741 1897 868 1961 τοῦ
911 1884 1295 1977 άνθρῶπου
1337 1890 1410 1958 ἐν
1454 1894 1540 1975 τῇ
1583 1885 1746 1975 δόξῃ
1790 1883 2006 1959 αὐτοῦ
2047 1894 2159 1956 καὶ
2202 1884 2454 1970 πάντες
2507 1892 2573 1960 οἱ
2624 1887 2895 1977 ἄγγελοι
2939 1884 3083 1975 μετ’
3130 1884 3354 1957 αύτοῦ.

741 1987 901 2060 τότε
947 1995 1212 2059 καθίσει
1255 1992 1365 2058 ἐπὶ
1411 1983 1672 2075 θρόνου
1715 1982 1915 2076 δόξης
1944 1982 2179 2057 αὐτοῦ·
2242 1994 2351 2056 καὶ
2382 1986 2927 2077 συναχθήσονται
2974 1989 3357 2075 ἔμπροσθεν

637 2107 702 2160 15
741 2086 954 2160 αὐτοῦ
995 2082 1225 2159 πάντα
1270 2085 1356 2157 τὰ
1404 2090 1602 2174 ἔθνη,
1661 2092 1768 2157 καὶ
1835 2084 2110 2174 άφοριεῖ
2156 2080 2404 2169 αύτούς
2450 2083 2564 2159 ἀπ’
2611 2084 2961 2177 ἀλλήλων,
3027 2083 3259 2173 ὥσπερ
3320 2080 3355 2155 5

739 2187 993 2277 ποιμὴν
1039 2184 1338 2274 ἀφορίζει
1384 2186 1472 2256 τὰ
1513 2184 1827 2273 πρόβατα
1870 2181 2007 2255 άπὸ
2068 2192 2217 2255 τῶν
2276 2190 2565 2273 ἐρίφων.
2627 2192 2737 2256 καὶ
2799 2183 3027 2275 στήσει
3090 2186 3179 2256 τὰ
3239 2192 3356 2275 μὲν

737 2284 1048 2375 πρόβατα
1091 2289 1166 2356 ἐκ
1211 2290 1452 2371 δεξιῶν
1495 2281 1734 2371 αὐτοῦ,
1797 2283 1885 2357 τὰ
1946 2289 2017 2354 δὲ
2078 2288 2301 2371 ἐρίφια
2348 2288 2419 2369 ἐξ
2459 2282 2849 2375 εὐωνύμων.
2935 2280 3093 2356 τότε
3144 2288 3281 2371 ἐρεῖ
3320 2280 3353 2353 5

738 2385 1042 2472 βασιλεὺς
1089 2404 1233 2468 τοῖς
1277 2389 1352 2456 ἐκ
1396 2390 1640 2471 δεξιῶν
1671 2381 1909 2455 αὐτοῦ·
1954 2388 2147 2454 δεῦτε
2176 2388 2241 2455 οἱ
2274 2381 2702 2474 εὐλογημένοι
2746 2390 2874 2456 τοῦ
2917 2380 3181 2471 πατρός
3210 2411 3355 2469 μου.

737 2482 1294 2575 κληρονομήσατε
1369 2483 1500 2573 τὴν
1574 2480 2071 2573 ἡτοιμασμένην
2141 2481 2299 2573 ύμῖν
2370 2492 2714 2567 βασιλείαν
2776 2482 2911 2555 άπὸ
2972 2488 3356 2571 καταβολῆς

635 2602 703 2655 20
739 2582 1009 2673 κόσμου.
1021 2612 1046 2646 α
1091 2594 1100 2667 l
1139 2578 1333 2668 ὁπως
1375 2590 1448 2655 δὲ
1492 2590 1706 2655 ταῦτα
1751 2581 2020 2675 συνάδει
2083 2603 2227 2665 τοῖς
2288 2588 2361 2654 ἐν
2423 2590 2509 2672 τῇ
2559 2591 2943 2675 προφητείᾳ
2994 2591 3149 2670 περὶ
3194 2612 3355 2669 προ·
3396 2596 3495 2653 191

738 2680 974 2768 βάταὶν
1014 2690 1190 2769 καὶ[
1171 2691 1362 2773 [περὶ]
1407 2690 1624 2772 κριῶν
1665 2652 1950 2771 κρίσεως
1992 2688 2365 2772 εἰρημένοις
2408 2682 2614 2773 τήρει,
2658 2691 2771 2754 καὶ
2816 2711 3004 2766 οπως
3049 2682 3356 2767 βασιλεὺς

739 2789 862 2872 μὲν
905 2777 942 2853 5
985 2780 1130 2865 υἱὸς
1173 2790 1300 2854 τοῦ
1341 2779 1722 2871 άνθροόπου
1763 2780 1930 2872 μετὰ
1977 2782 2106 2873 τὴν
2150 2789 2297 2855 τῶν
2340 2780 2713 2872 προβάτων
2764 2790 2981 2870 κρίσιν
3036 2788 3351 2874 εἰσῆκται.

737 2881 965 2971 πατὴρ
1009 2888 1080 2954 δὲ
1123 2878 1334 2953 αύτοῦ
1377 2877 1416 2954 5
1446 2878 1623 2965 θεός.
1696 2889 1905 2953 τοῦτο
1952 2881 2077 2971 γὰρ
2120 2891 2231 2954 καὶ
2276 2880 2483 2966 αὐτὸς
2512 2887 2854 2955 ἐδίδασκεν
2894 2885 3115 2954 εἰπων
3160 2879 3353 2953 »τότε
3390 2901 3449 2953 12

739 2986 876 3070 ἐρεῖ
913 2977 952 3053 5
995 2982 1301 3066 βασιλεὺς
1341 2998 1486 3064 τοῖς
1530 2985 1604 3052 ἐκ
1648 2987 1892 3066 δεξιῶν
1936 2978 2176 3066 αὐτοῦ,
2240 2988 2425 3052 δεῦτε
2473 2986 2539 3053 οἱ
2584 2979 3014 3073 εὐλογημένοι
3060 2990 3191 3054 τοῦ
3231 3009 3353 3052 πα·

636 3097 704 3152 25
741 3080 900 3168 τρός
942 3108 1133 3170 μου,«
1201 3077 1556 3169 α’ναλόγως
1615 3087 1718 3170 τῷ
1771 3085 1851 3150 ἐν
1902 3089 1987 3170 τῇ
2030 3089 2412 3174 προφητείᾳ
2474 3079 2934 3172 ῶνομασμένῳ
2980 3089 3215 3154 Δαυίδ.
3276 3075 3355 3151 ὃν

738 3186 1024 3270 ποιμένα
1083 3189 1194 3252 καὶ
1255 3179 1552 3270 ἄρχοντα
1613 3183 1881 3252 ἔσεσθαι
1943 3187 2088 3252 τῶν
2140 3179 2510 3270 προβάτων
2554 3176 2591 3252 5
2637 3177 2841 3269 λόγος
2886 3178 3181 3253 διδάσκει
3222 3178 3353 3252 ὕπὸ

739 3275 968 3368 ἐφόρῳ
1013 3285 1120 3368 τῷ
1161 3285 1306 3369 θεῷ
1347 3286 1685 3366 μέλλοντα
1728 3289 2113 3368 ποιμαίνειν
2154 3288 2268 3351 καὶ
2310 3280 2539 3369 ἄρχειν
2584 3287 2731 3352 τῶν
2772 3287 2899 3351 τοῦ
2942 3289 3113 3353 θεοῦ
3156 3291 3355 3370 θρεμ-

738 3376 997 3467 μάτων.
1079 3385 1192 3449 καὶ
1251 3383 1486 3468 ἐκείνῳ
1549 3383 1622 3450 δὲ
1681 3376 2054 3468 ἀναγκαῖον
2113 3385 2467 3469 ἐπιστῆσαι
2516 3378 2641 3451 τὸν
2694 3387 2863 3453 νοῦν
2907 3377 3003 3462 ῶς
3046 3379 3131 3450 τὸ
3176 3379 3354 3467 παρὰ
3394 3396 3449 3450 13

741 3483 841 3566 τῷ
888 3475 1260 3566 ἀποστόλω
1307 3484 1705 3566 λελεγμένον
1747 3485 1825 3550 ἐν
1868 3485 1969 3568 τῷ
2031 3473 2241 3552 »ὅταν
2283 3478 2673 3569 καταργήσῃ
2716 3485 2945 3551 πᾶσαν
2990 3476 3205 3570 ἀρχὴν
3248 3487 3355 3550 καὶ

637 3596 728 3649 30·
738 3583 964 3648 πᾶσαν
1023 3581 1134 3649 91¹
1161 3581 1471 3662 ἐξουσίαν
1511 3585 1624 3649 καὶ
1667 3577 1987 3668 δύναμιν(
2046 3577 2328 3668 ᾐνίξατο
2382 3610 2423 3669 η
2466 3588 2852 3669 προφητεία
2896 3577 3166 3670 φήσασα
3216 3585 3357 3650 »καὶ

739 3673 1012 3795 ἀφανιῶ
1055 3683 1262 3764 θηρία
1307 3675 1576 3766 πονηρὰ
1617 3673 1754 3748 άπὸ
1801 3685 1923 3767 τῆς
1965 3685 2102 3768 γῆς.
2114 3709 2139 3743 e
2216 3687 2371 3750 τίνα
2416 3679 2541 3768 γὰρ
2588 3677 2675 3749 ἂν
2716 3685 2985 3767 γένοιτο
3032 3677 3119 3749 τὰ
3152 3686 3357 3768 θηρία
3391 3699 3449 3750 14

741 3775 824 3844 τὰ
868 3771 1080 3846 πάλαι
1123 3772 1466 3864 πρότερον
1511 3794 1654 3860 τοῖς
1694 3775 2067 3862 προβάτοις
2126 3783 2614 3866 διενοχλοῦντα
2674 3773 2717 3866 ἢ
2778 3781 2845 3848 αἱ
2907 3773 3354 3869 άντικείμεναι

741 3872 1186 3964 δυνάμεις,·ω
1129 3865 1232 3946 ῶν
1263 3877 1580 3947 ἐκποδῶν
1609 3871 1971 3964 α’ρθεισῶν,
2016 3875 2234 3965 πάσης
2276 3885 2512 3961 κακίας
2554 3883 2931 3968 καθαρθεὶς
2976 3872 3014 3948 5
3060 3885 3214 3959 νεός
3248 3884 3357 3946 καὶ

737 3972 970 4055 καινὸς
1029 3973 1202 4044 αίῶν
1264 3981 1532 4057 βασιλέα
1583 3982 1706 4064 μὲν
1763 3978 1889 4062 ἕξει
1944 3975 2069 4047 τὸν
2110 3976 2261 4048 υἱὸν
2304 3983 2431 4048 τοῦ
2475 3972 2857 4064 άνθρῶπου
2902 3973 2969 4065 (ἢ
3014 3975 3193 4048 κατὰ
3236 3975 3361 4094 τήν

637 4091 704 4146 35
739 4079 1170 4162 προφητείαν
1225 4077 1804 4163 ἐπικεκρυμμένως
1861 4079 2343 4166 αἰνιττομένην
2403 4084 2693 4164 ποιμένα
2734 4084 2847 4148 καὶ
2890 4105 3195 4167 αρχοντα
3240 4075 3361 4146 τὸν

909 4291 1016 4346 Gff
1061 4293 1171 4361 vgl.
1211 4291 1351 4346 Dan.
1393 4297 1440 4350 7.
1480 4297 1562 4350 13.
1601 4297 1664 4348 14
1719 4325 1784 4333 -
1843 4295 1919 4351 12
1976 4297 2174 4351 Matssh.
2212 4299 2295 4363 125,
2332 4299 2533 4352 31-34
2578 4327 2645 4336 -—
2692 4298 2771 4354 28
2822 4297 3021 4352 Matth.
3058 4299 3144 4364 25,
3180 4300 3248 4352 34
3298 4325 3361 4334 —-

737 4393 816 4448 29
854 4394 877 4445 Ι
917 4393 1043 4447 Kor.
1083 4395 1162 4460 15,
1200 4395 1267 4448 24
1305 4425 1372 4434 —
1411 4396 1490 4451 80
1525 4395 1619 4450 ΕΖ.
1656 4396 1739 4464 34,
1775 4397 1842 4452 25

911 4593 990 4649 10
1025 4591 1271 4664 τούτοις]
1307 4595 1343 4649 1.
1380 4603 1551 4651 τοῦτο
1588 4595 1690 4651 cst?
1735 4597 1746 4663 Ι
1813 4597 1885 4652 21
1928 4599 2060 4668 περὶ
2094 4599 2331 4672 κρίσεων
2367 4605 2544 4671 κριῶν
2581 4599 2645 4662 V,
2682 4617 2817 4654 corr.
2856 4599 2961 4654 We
3007 4601 3016 4668 Ι
3066 4597 3143 4656 28
3180 4595 3361 4655 ἐκεῖνο

743 4699 803 4762 Y,
841 4711 976 4748 corr.
1017 4693 1094 4748 V²
1157 4697 1168 4762 1
1235 4695 1310 4750 32
1347 4696 1640 4768 πρότερον
1677 4715 1741 4750 zu
1781 4697 1916 4751 str.‘?
1980 4699 1991 4766 Ι
2056 4700 2135 4755 84
2170 4698 2395 4764 κλεινὸς
2430 4701 2494 4768 V,
2532 4717 2667 4756 corr.
2706 4701 2791 4755 Ga
2824 4701 2937 4771 vgl.
2970 4699 3223 4771 Regis‘oer
