3694 5582
709 499 826 560 104
1868 495 2139 552 Eusebius

703 652 837 741 πρὸ
881 651 1174 726 πάντων
1233 652 1518 746 ὑπέστη,
1582 654 1664 729 05
1723 655 1899 730 κατά
1952 688 2020 731 τι
2064 667 2215 731 τῶν
2256 667 2343 748 τῇ
2388 663 2677 747 θνητῶν
2739 655 2936 743 φύσει
2988 677 3305 742 συνεγνω-

703 759 990 842 σμένων,
1035 755 1212 827 κατὰ
1256 762 1328 827 δὲ
1373 755 1500 828 τὸν
1543 755 1732 847 αὐτῷ
1778 755 1970 849 μόνῳ
2016 756 2523 850 γνωριζόμενον
2566 753 2869 846 τρόπον,-

865 859 904 925 7
967 849 1142 925 ἀλλὰ
1187 862 1392 944 φοβῇ,
1455 848 1514 926 ὦ
1562 857 1924 946 ἄνθρωπε,
1979 860 2069 950 μὴ
2114 858 2236 930 δύο
2278 855 2683 940 ὑποστάσεις
2728 851 3147 944 ὁμολογήσας
3189 849 3303 924 δύο
3340 858 3521 949 &weh
3549 859 3613 918 ἐκ·

701 947 908 1040 ἆοχᾶς
951 952 1326 1042 είσαγάγοις
1388 964 1501 1028 καὶ
1563 963 1686 1047 τῆς
1744 965 2156 1050 μοναρχικῆς
2216 955 2555 1048 θεότητος
2616 961 2950 1039 ἐκπέσοιςς
3008 949 3306 1042 μάνθανε
3338 931 3615 1061 ζέξξξῖτ

632 1069 664 1122 5
701 1057 938 1124 τοίνυν
983 1051 1104 1138 αἷς,
1171 1054 1321 1140 ενός
1375 1049 1582 1140 ὄντος
1634 1053 1932 1146 ἀνάρχου
1973 1065 2085 1129 καὶ
2130 1053 2513 1148 ἀγεννήτου
2554 1062 2725 1128 θεοῦ
2768 1061 2896 1126 τοῦ
2938 1059 3012 1124 δὲ
3052 1057 3200 1124 υἱοῦ
3241 1054 3307 1137 ἐξ
3340 1017 3615 1146 μοναρχίαν

701 1149 916 1224 αὐτοῦ
959 1161 1477 1278 γεγεννημένου,
1540 1163 1658 1246 μία
1718 1159 1906 1229 ἔσται
1968 1154 2134 1249 ἀρχὴ
2190 1163 2521 1248 μοναρχία
2564 1185 2639 1227 τε
2680 1163 2795 1226 καὶ
2836 1159 3137 1238 βασιλεία
3177 1159 3305 1240 μία,
3358 1131 3587 1202 κηρύττει·

700 1256 844 1324 ἐπεὶ
905 1262 1014 1325 καὶ
1077 1251 1282 1336 αὐτὸς
1343 1249 1382 1326 6
1435 1254 1579 1338 υἱὸς
1633 1252 1845 1346 ἀρχὴν
1888 1253 2335 1380 ἐπιγράφεται
2378 1255 2507 1328 τὸν
2550 1253 2765 1329 αὐτοῦ
2806 1258 3087 1342 πατέρα.
3173 1277 3306 1321 »κε-

701 1351 886 1442 φαλὴ
931 1352 1056 1442 γὰρ
1104 1359 1405 1442 Χριστοῦ
1447 1349 1486 1426 6
1531 1355 1727 1440 θεὸς(
1777 1357 1956 1429 κατὰ
2000 1357 2127 1429 τὸν
2171 1354 2580 1429 ἀπόστολον.
2658 1352 2832 1428 ἀλλὰ
2862 1349 3176 1444 ἀγωνιᾷς,
3218 1349 3303 1440 μὴ
3365 1366 3395 1420 2

698 1448 820 1522 δύο
864 1452 1070 1536 θεοὺς
1115 1449 1374 1543 ἀνάγκη
1428 1459 1593 1544 <εἲη>
1647 1463 2157 1544 παραδέξασθαι
2218 1457 2346 1530 τὸν
2411 1455 2530 1527 δύο
2588 1450 2994 1536 υποστάσεις
3051 1447 3305 1538 πατρὸς

497 1604 502 1610 -
595 1568 661 1622 10
695 1559 808 1621 καὶ
851 1555 1002 1622 υἱοῦ
1046 1554 1218 1625 εἶναι
1263 1548 1765 1642 ὁμολογοῦντας
1812 1551 1988 1628 ἀλλὰ
2031 1563 2143 1628 καὶ
2188 1562 2399 1628 τοῦτο
2439 1561 2740 1644 γίνωσκε,
2789 1549 2887 1636 ὥς
2930 1547 2968 1623 6
3000 1549 3122 1623 δύο
3154 1550 3305 1631 δοὺς

695 1646 1101 1734 υποστάσεις
1143 1651 1406 1737 πατρὸς
1456 1661 1569 1725 καὶ
1631 1658 1781 1726 υἱοῦ
1841 1653 1967 1726 οὐκ
2020 1653 2476 1744 ἀναγκάζεται
2538 1653 2659 1726 δύο
2720 1659 3021 1741 πατέρας
3083 1656 3303 1732 εἰπεῖν,

695 1746 851 1821 οὐδὲ
897 1749 1016 1824 δύο
1047 1749 1248 1835 υἱούς,
1296 1747 1471 1825 ἀλλὰ
1515 1752 1643 1826 τὸν
1685 1761 1808 1844 μὲν
1853 1757 1970 1826 ἕνα
2006 1761 2270 1845 πατέρα
2313 1755 2533 1840 δώσει,
2578 1753 2707 1825 τὸν
2751 1758 2822 1824 δὲ
2868 1753 3107 1840 ἕτερον
3145 1745 3304 1822 υἱόν.

693 1847 870 1920 κατὰ
913 1848 1042 1920 τὸν
1087 1847 1302 1923 αὐτὸν
1347 1846 1472 1924 οὖν
1515 1851 1809 1944 τρόπον,
1874 1853 1957 1929 05
2006 1854 2127 1926 δύο
2170 1855 2378 1937 θεοὺς
2421 1852 2679 1944 ἀνάγκη
2736 1858 2973 1926 δοῦναι
3014 1849 3148 1922 τὸν
3190 1848 3307 1931 τὰς

694 1946 814 2020 δύο
859 1945 1261 2033 ὖποστάσεις
1305 1959 1610 2025 τιθέντα.
1695 1952 1853 2026 οὐδὲ
1906 1955 2031 2044 γὰρ
2084 1961 2428 2045 ἰσοτίμους
2478 1951 2690 2036 αὐτὰς
2743 1947 3117 2042 ὄριζὸμεθα
3159 1944 3301 2021 οὐδ’
3368 1957 3398 2010 3

590 2067 656 2120 15
693 2047 902 2137 ἄμφω
949 2046 1281 2140 ἀνάρχους
1325 2061 1436 2124 καὶ
1481 2050 1919 2144 ἀγεννήτους,
1983 2051 2156 2127 ἀλλὰ
2216 2062 2377 2143 μίαν
2426 2059 2550 2141 μὲν
2600 2053 2733 2142 τὴν
2778 2048 3159 2141 ἀγέννητον
3199 2055 3305 2120 καὶ

691 2147 1021 2238 ἄναρχον,
1085 2159 1389 2240 θατέραν
1450 2159 1521 2224 δὲ
1580 2155 1921 2246 γεννητὴν
1978 2161 2092 2226 καὶ
2144 2151 2357 2244 ἀρχὴν
2400 2151 2530 2224 τὸν
2571 2158 2837 2239 πατέρα
2874 2157 3306 2240 κεκτημένην.
3334 2177 3350 2186 ·

691 2247 796 2318 διὸ
857 2257 969 2319 καὶ
1028 2246 1236 2334 αὐτὸς
1295 2247 1334 2322 6
1395 2251 1538 2335 υἱὸς
1601 2262 1712 2324 καὶ
1773 2256 2024 2327 ἑαυτοῦ
2092 2255 2265 2326 εἶναι
2322 2251 2493 2324 θεὸν
2565 2250 2693 2323 τὸν
2764 2247 2977 2323 αὐτοῦ
3046 2255 3308 2338 πατέρα

690 2345 1000 2431 διδάσκει,
1047 2354 1122 2421 ὲν
1166 2349 1270 2434 οἱς
1313 2375 1518 2441 φησιν
1573 2351 1972 2444 »ἀνέρχομαι
2024 2353 2197 2444 πρὸς
2250 2351 2378 2425 τὸν
2418 2356 2683 2438 πατέρα
2724 2378 2857 2440 μου
2894 2357 3005 2421 καὶ
3048 2356 3307 2438 πατέρα

689 2443 902 2571 ὖμῶη
926 2457 1037 2520 καὶ
1081 2446 1250 2522 θεόν
1293 2479 1424 2541 μου
1464 2459 1576 2524 καὶ
1623 2453 1794 2526 θεὸν
1835 2451 2086 2545 ὖμῶνι.
2174 2449 2211 2525 6
2256 2459 2380 2542 μὲν
2424 2451 2504 2541 δὴ
2550 2449 2714 2533 θεὸς
2766 2457 2877 2521 καὶ
2920 2450 3153 2541 πατὴρ
3198 2456 3306 2520 καὶ
3367 2457 3399 2508 4

582 2569 654 2625 20
691 2545 902 2618 αὐτοῦ
946 2556 1071 2621 τοῦ
1113 2553 1266 2622 υἱοῦ
1308 2550 1470 2632 θεὸς
1514 2545 1618 2624 ὢν
1655 2558 2019 2626 δείκνυται·
2082 2552 2187 2626 διὸ
2233 2554 2316 2643 δὴ
2360 2551 2455 2636 εἷς
2500 2549 2663 2632 θεὸς
2706 2557 2792 2638 τῇ
2836 2553 3154 2642 ἐκκλησία
3184 2553 3307 2621 τοῦ
3370 2557 3399 2609 5

690 2649 842 2718 υἱοῦ
883 2647 1303 2736 κηρύττεται.
1392 2646 1429 2722 6
1475 2657 1546 2723 δὲ
1589 2650 1760 2740 υἱός,
1806 2647 1924 2726 ὅτε
1965 2661 2091 2743 μὲν
2134 2650 2340 2736 αὐτὸς
2381 2649 2886 2774 παραβάλλεται
2929 2656 3031 2740 τῷ
3077 2657 3305 2737 πατρί,

690 2743 910 2868 οὐκέτ’
957 2749 1142 2820 ἔσται
1186 2758 1297 2822 καὶ
1341 2749 1558 2825 αὐτοῦ
1609 2759 1735 2825 τοῦ
1794 2752 2058 2840 πατρὸς
2110 2750 2303 2837 θεός,
2364 2745 2515 2823 ἀλλ’
2566 2749 2713 2833 υἱὸς
2763 2750 3143 2843 μονογενὴς
3199 2755 3307 2821 καὶ

689 2841 1038 2937 ἀγαπητὸς
1083 2846 1295 2922 αυτοῦ
1336 2859 1448 2922 καὶ
1497 2855 1737 2925 »εἰκών
1781 2860 1910 2926 τοῦ
1950 2858 2120 2925 θεοῦ
2149 2859 2277 2926 τοῦ
2304 2848 2639 2942 ἀοράτου(
2684 2858 2796 2922 καὶ
2832 2846 3302 2941 »ἀπαύγασμαι

688 2952 812 3036 τῆς
855 2956 1188 3040 πατρικῆς
1233 2946 1461 3039 δόξης,
1515 2958 1687 3038 σέβει
1731 2981 1808 3024 τε
1849 2961 1963 3024 καὶ
2003 2970 2372 3042 προσκυνεῖ
2424 2958 2536 3023 καὶ
2582 2948 2840 3037 δοξάζει
2886 2948 3016 3021 τὸν
3060 2952 3308 3021 ἑαυτοῦ

581 3066 651 3121 25
685 3054 945 3134 πατέρα
1015 3047 1187 3121 θεὸν
1248 3048 1462 3123 αυτὸν
1520 3059 1632 3123 καὶ
1693 3053 1945 3123 ἑαυτοῦ
2004 3050 2543 3141 ἐπιγραφόμενος
2610 3042 2761 3141 ((ᾦ)
2822 3058 2935 3121 καὶ
2994 3042 3305 3139 εὔχεσθαι

685 3142 1206 3238 ἀναγέγραπται,
1262 3142 1319 3241 ᾧ
1364 3157 1476 3221 καὶ
1520 3147 1911 3239 εὐχαριστεῖ,
1975 3144 2032 3241 ᾧ
2094 3160 2205 3223 καὶ
2271 3148 2611 3241 »ὑπήκοος
2667 3155 2890 3239 μέχρις
2949 3148 3331 3223 θανάτους--

683 3253 990 3334 γίνεται),
1047 3256 1056 3332 Ι
1112 3244 1434 3340 ὁμολογεῖ
1488 3278 1562 3323 τε
1625 3258 1748 3342 ζῆν
1813 3251 1959 3323 »διὰ
2021 3250 2150 3323 τὸν
2200 3258 2499 3341 πατέρα(
2564 3258 2676 3321 καὶ
2718 3255 2929 3339 μηδὲν
2972 3247 3307 3322 δύνασθαι
3370 3256 3552 3328 61110
3649 3328 3650 3339 ¹

683 3344 1014 3430 πράττειν
1059 3346 1221 3419 ἄνευ
1252 3356 1378 3422 τοῦ
1405 3350 1666 3439 πατρὸς
1697 3357 1812 3424 64r
1856 3359 1968 3422 καὶ
2010 3352 2100 3441 μὴ
2145 3349 2227 3422 τὸ
2273 3352 2524 3423 ἑαυτοῦ
2568 3354 2829 3439 θέλημα
2872 3367 3101 3421 ποιεῖν
3131 3347 3305 3422 ἀλλά

687 3444 768 3515 τὸ
815 3452 941 3517 τοῦ
981 3446 1258 3535 πατρός.
1347 3456 1522 3539 λέγει
1567 3446 1632 3520 δ’
1678 3442 1802 3521 οὖν
1858 3446 2092 3534 αὐταῖς
2146 3459 2506 3536 συλλαβαῖς
2563 3443 2712 3521 »ὅτι
2764 3454 3190 3539 καταβέβηκα
3232 3455 3307 3521 ἐκ
3346 3480 3351 3487 ·

578 3562 650 3619 30
684 3550 810 3616 τοῦ
870 3543 1167 3634 οὐρανοῦ
1229 3545 1348 3637 οὐχ
1411 3552 1520 3621 ἵνα
1580 3548 1846 3671 ποιησω
1901 3548 1983 3620 τὸ
2036 3556 2301 3640 θέλημα
2355 3548 2436 3621 τὸ
2482 3549 2646 3639 ἐμὸν
2690 3546 2866 3622 ἀλλὰ
2912 3548 2993 3621 τὸ
3038 3557 3315 3639 θέλημα

685 3650 813 3715 τοῦ
853 3642 1254 3735 πέμψαντός
1296 3676 1442 3736 μει,
1505 3656 1616 3720 καὶ
1662 3660 1863 3731 αυθις
1910 3646 2033 3721 »οὔ
2076 3647 2360 3737 δύναμαι
2402 3650 2538 3738 ἐγώ
2582 3669 2806 3721 ποιεῖν
2848 3643 2963 3720 ἀπ’
3008 3652 3307 3739 ἐμαυτοῦ

685 3740 907 3816 οὐδέν·
951 3747 1190 3830 καθώς
1232 3744 1464 3819 ἀκούω
1508 3757 1741 3835 κρίνω,
1787 3756 1899 3820 καὶ
1943 3744 1985 3839 ἧ
2034 3756 2245 3839 κρίσις
2288 3778 2329 3837 η
2373 3749 2497 3839 ἐμὴ
2543 3754 2765 3821 δικαία
2809 3752 3011 3834 ἐστίν,
3058 3741 3171 3820 ὅτι
3222 3743 3304 3820 05

681 3850 869 3930 ζητῶ
917 3843 998 3916 τὸ
1046 3852 1310 3937 θέλημα
1355 3846 1436 3919 τὸ
1483 3846 1646 3938 ἐμὸν
1691 3846 1865 3920 ἀλλὰ
1908 3848 1991 3921 τὸ
2038 3854 2300 3938 θέλημα
2344 3854 2473 3920 τοῦ
2513 3846 2913 3937 πέμψαντός
2965 3876 3103 3935 ue«.
3192 3854 3302 3918 καὶ

679 3934 792 4013 ότι
836 3970 907 4033 γε
954 3946 1180 4035 ἕτερος
1223 3950 1310 4035 ἠν
1353 3942 1391 4017 6
1435 3954 1706 4037 πέμψας
1751 3945 1964 4019 αὐτὸν
2008 3944 2165 4037 παρ’
2210 3945 2427 4020 αὐτὸν
2462 3953 2868 4037 παρίστησιν
2898 3947 3048 4037 ἑξῆς
3077 3953 3307 4036 λέγων

855 4114 883 4169 7
943 4112 1258 4179 IKor.11,
1296 4118 1328 4171 3
1381 4146 1448 4156 --
1502 4117 1579 4174 18
1633 4118 1976 4186 Joh.2o‚17
2032 4148 2099 4158 --
2152 4118 2233 4175 28
2286 4118 2901 4180 Kol.1‚15-Hebr.
2939 4120 2987 4185 1,
3024 4120 3057 4173 3
3103 4148 3172 4157 —
3226 4116 3303 4173 25

676 4214 802 4269 Joh.
838 4216 921 4283 20,
959 4218 1022 4270 17
1059 4246 1126 4255 —
1160 4218 1336 4273 Mat-k.
1375 4222 1456 4286 14,
1475 4219 1587 4275 35f.
1625 4220 1748 4275 Par.
1775 4250 1842 4259 —
1880 4220 1958 4275 26
1992 4220 2117 4275 Joh.
2155 4224 2235 4286 11,
2254 4222 2320 4275 41
2356 4250 2423 4259 —-
2458 4220 2603 4274 Phil.
2638 4222 2687 4283 2,
2712 4220 2747 4275 8
2780 4249 2847 4259 —
2884 4221 2962 4276 27
3000 4220 3123 4273 Joh.
3160 4222 3211 4283 6,
3238 4220 3305 4275 5?

673 4347 746 4355 —
783 4318 862 4372 29
901 4317 1024 4372 Joh.
1059 4320 1106 4385 6,
1145 4320 1210 4374 38
1246 4348 1312 4358 -
1349 4320 1424 4375 81
1463 4320 1586 4375 Joh.
1623 4324 1670 4387 5,
1708 4323 1776 4376 30

851 4469 884 4524 1
920 4474 991 4536 τῆ
1023 4474 1136 4523 τῶν
1163 4470 1260 4536 v*,
1297 4470 1464 4523 oev2
1509 4472 1518 4539 ι
1564 4471 1603 4525 9
1641 4467 1782 4540 (εἴη)
1819 4472 1893 4525 m
1930 4458 2344 4541 vgl.z.1.5<5>
2382 4470 2561 4541 Heyse
2625 4474 2634 4539 ι
2702 4473 2780 4528 10
2830 4471 2963 4537 «τοὺς
3007 4471 3117 4540 (od.
3152 4470 3301 4535 θεὶς)

673 4568 856 4639 Heyse
889 4569 1062 4635 θεοὺς
1089 4571 1138 4624 V
1203 4574 1212 4639 Ι
1279 4572 1351 4627 11
1409 4568 1552 4642 υἱοῦ]
1599 4580 1662 4637 -ξ-
1707 4570 1891 4643 λέγων
1926 4574 2002 4625 V²
2036 4590 2083 4627 a..
2120 4574 2180 4628 R.
2247 4574 2258 4641 Ι
2315 4574 2395 4629 20
2440 4570 2726 4649 ἐκκλησίᾳ]
2765 4580 2829 4637 -f-
2865 4572 3095 4642 πατὴρῗ
3132 4570 3226 4626 Mo
3291 4570 3297 4632 Ι

675 4671 756 4728 25
797 4656 842 4744 ᾧ
881 4672 972 4727 Mo
