3694 5582
653 472 734 532 24
1845 461 2114 519 Eusebius

657 634 878 700 ταῦτα
909 627 1124 699 εἰπών
1155 633 1267 698 καὶ
1297 635 1625 716 προσθεὶς
1667 627 1867 716 ἕτερα
1908 629 2003 710 εἰς
2046 622 2448 716 ἀνατροπὴν
2494 631 2621 696 τοῦ
2647 623 2787 716 πρὸ
2818 633 2965 698 τῶν
3010 626 3290 698 αἰώνων
3324 643 3395 698 29

656 735 1066 821 γεγενῆσθαι
1127 726 1256 800 τὸν
1313 723 1483 812 υἱόν,
1528 731 1822 816 ἐπιλέγει
1882 723 2115 809 αυτοῖς
2166 723 2453 816 ῥήμασιν

625 831 660 855 ”
788 833 1060 918 (Nr.·19)
1105 824 1275 912 ἀξιῶ
1340 833 1412 899 δὲ
1471 826 1636 910 τούς
1695 822 2237 916 ἐντυγχάνοντας
2278 832 2427 897 τῶν
2470 821 2713 914 άγίων,
2760 822 3053 915 ωσπερεὶ
3096 831 3290 913 σπέρ·

785 957 966 1019 ματα
993 934 1106 999 καὶ
1135 924 1342 1019 ἀρχὰς
1383 931 1582 1016 τῆσδε
1627 930 1751 1015 τῆς
1793 923 2167 1015 ἐξηγήσεως
2210 921 2496 1012 ἀληθῶς
2540 922 2925 1013 εἰληφότας,
2967 934 3290 1009 πλείονας

591 1047 624 1100 5
789 1024 1164 1114 ἀποδείξεις
1203 1037 1606 1114 προσθεῖναι
1651 1041 1796 1107 τοῖς
1839 1030 2236 1114 εἰρημένοις,
2292 1021 2471 1096 ὥστε
2530 1029 2632 1096 ἔτι
2670 1031 2935 1115 μᾶλλον
2976 1024 3101 1108 τὰς
3144 1032 3291 1097 τῶν

789 1136 984 1215 [περὶ]
1045 1125 1176 1216 τὴν
1219 1135 1454 1198 πίστιν
1496 1123 2058 1215 διαστρεφόντων
2101 1128 2490 1212 ἐλέγχεσθαι
2542 1131 2977 1215 προαιρέσεις.
3064 1119 3289 1208 ὅντως

788 1227 913 1315 γὰρ
944 1224 1116 1296 θεὸν
1145 1224 1272 1296 τὸν
1300 1223 1724 1315 γεννήσαντα
1755 1221 2003 1308 αὐτοὺς
2041 1228 2547 1312 »ἐγκατέλιπον,
2576 1232 2690 1296 καὶ
2720 1222 2995 1316 ὤρυξαν
3024 1225 3291 1306 ἑαυτοῖς

787 1322 1078 1407 λάκκους
1123 1329 1786 1414 συντετριμμένουςι.

665 1433 671 1514 Ι
731 1431 1019 1498 τοιαῦτα
1077 1432 1190 1496 καὶ
1249 1423 1359 1496 διὰ
1415 1421 1696 1496 τούτων
1737 1421 2306 1514 λοιδορησάμενος
2368 1425 2517 1513 ἑξῆς
2576 1429 2893 1513 πειρᾶται
2954 1423 3293 1496 δεικνύναι
3326 1436 3497 1504 30124

561 1542 626 1598 10
661 1555 773 1598 οτι
815 1531 978 1616 μηδὲ
1021 1525 1228 1596 εἰκών
1273 1529 1397 1595 τοῦ
1439 1530 1610 1596 θεοῦ
1653 1527 1839 1595 ἐστιν
1884 1519 1923 1594 6
1966 1520 2131 1608 υἱός,
2176 1529 2400 1612 λέγων
2452 1551 2676 1606 ουτως

715 1627 927 1711 ὶ.(Νι·
965 1629 1072 1712 80)
1137 1619 1531 1696 ἀκόλουθον
1575 1620 1864 1712 ἡγοῦμαι
1904 1629 2150 1712 βραχέα
2192 1630 2307 1694 καὶ
2348 1629 2503 1710 περὶ
2560 1629 2683 1712 τῆς
2740 1621 3007 1706 εἰκόνος
3062 1627 3291 1695 εἰπεῖν.

789 1732 1125 1814 γέγραφεν
1182 1720 1334 1812 γάρ·
1401 1722 1644 1805 αλλος
1703 1728 1790 1793 δέ
1845 1727 2070 1795 ἐστιν
2128 1716 2167 1794 6
2210 1727 2290 1810 ἐξ
2348 1719 2597 1794 αὐτοῦ
2659 1731 3111 1812 γεννηθείς,
3162 1753 3292 1806 »ος

790 1827 1012 1894 ἐστιν
1059 1826 1300 1894 εἰκών
1345 1830 1488 1895 τοῦ
1531 1829 1726 1894 θεοῦ
1768 1829 1913 1894 τοῦ
1958 1818 2385 1914 άοράτουι.
2458 1817 2721 1906 εἰκόνος
2767 1820 2879 1894 διὰ
2926 1828 3137 1894 τοῦτο
3182 1829 3292 1910 μέ-

789 1949 1040 2013 μνηται
1111 1931 1282 1996 θεοῦ
1355 1917 1658 2012 ἀοράτου
1712 1918 2077 2011 Ἀστέριος,
2150 1925 2259 1992 ἵνα
2316 1927 2653 1995 τοσοῦτον
2724 1921 2852 1994 τὸν
2920 1920 3092 1994 θεὸν
3164 1929 3291 1994 τοῦ

565 2019 628 2094 1'5
789 2021 1003 2110 λόγου
1049 2029 1392 2111 διαφέρειν
1435 2019 1701 2110 διδάξῃ,
1765 2014 1933 2094 ὅσον
1990 2028 2105 2092 καὶ
2148 2019 2529 2110 ἄνθρωπος
2574 2028 2696 2112 τῆς
2740 2023 2985 2094 ἑαυτοῦ
3028 2019 3293 2105 εἰκόνος

791 2127 1135 2210 διαφέρειν
1177 2127 1378 2194 δοκεῖ.

667 2229 780 2292 καὶ
821 2221 1072 2311 μεταξύ
1117 2251 1270 2294 τινα
1315 2223 1531 2293 εἰπών
1573 2225 1880 2309 ἐπιφέρει
3320 2260 3391 2315 31

683 2328 726 2409 ‚⁸
793 2324 930 2408 (Nr.
975 2328 1079 2408 82)
1141 2317 1394 2393 οὐκοῦν
1435 2316 1812 2409 πρόδηλον,
1868 2313 1980 2391 ὅτι
2038 2316 2173 2406 πρὸ
2236 2326 2358 2411 τῆς
2418 2326 2546 2394 τοῦ
2589 2317 2919 2412 ἡμετέρου
2970 2322 3289 2412 σώματος

793 2418 1202 2510 ἀναλήψεως
1245 2415 1284 2491 6
1329 2417 1537 2509 λόγος
1563 2415 1722 2491 καθ’
1769 2416 2016 2491 ἑαυτὸν
2060 2415 2186 2491 οῦκ
2228 2413 2317 2510 ἦν
2346 2422 2555 2492 εἰκῶν
2598 2427 2725 2494 τοῦ
2760 2417 3063 2510 ἀοράτου
3104 2427 3289 2493 θεοῦ.

564 2536 632 2590 20
795 2519 926 2610 τὴν
957 2519 1080 2608 γὰρ
1109 2517 1340 2592 εἰκόνα
1383 2515 1676 2608 ὁρᾶσθαι
1717 2515 2063 2608 προσήκει,
2108 2519 2219 2590 ἵνα
2262 2519 2373 2590 διὰ
2416 2525 2540 2610 τῆς
2580 2517 2845 2603 εἰκόνος
2872 2520 2957 2593 τὸ
2990 2527 3162 2604 τέως
3197 2520 3288 2610 μὴ

794 2613 1150 2708 δρώμενον
1193 2613 1483 2705 δρᾶσθαι
1527 2617 1826 2707 δύνηται.

666 2726 780 2790 καὶ
825 2723 1115 2809 ἐπιλέγει

793 2824 932 2905 (Nr.
963 2825 1067 2907 82)
1126 2825 1278 2902 πῶς
1341 2812 1470 2891 οῦν
1527 2817 1802 2890 εἰκόνα
1864 2824 2007 2889 τοῦ
2066 2814 2421 2910 ἀοράτου
2479 2826 2682 2893 θεοῦ
2745 2817 2872 2893 τὸν
2931 2826 3058 2893 τοῦ
3118 2826 3289 2892 θεοῦ

793 2916 1002 3009 λόγον
1050 2915 1382 3007 Ἀστέριος
1427 2918 1600 2991 εἶναι
1655 2922 2019 3007 γέγραφεν;
2068 2919 2137 2988 αἱ
2183 2918 2308 3008 γὰρ
2350 2917 2605 3003 εἰκόνες
2646 2918 2925 2992 τούτων
2970 2912 3072 2993 ὦν
3118 2926 3287 2991 εἰσιν

563 3041 631 3095 25
793 3014 1050 3101 εἰκόνες
1094 3024 1202 3089 καὶ
1261 3014 1589 3090 ἀπόντων
1648 3021 1973 3089 δεικτικαί
2014 3022 2211 3103 εἰσιν,
2266 3016 2445 3091 ὥστε
2501 3025 2614 3089 καὶ
2674 3016 2803 3092 τὸν
2866 3015 3138 3092 ἀπόντα
3200 3014 3283 3090 δι’

795 3115 1029 3189 αὐτῶν
1089 3126 1452 3205 φαίνεσθαι
1512 3122 1753 3189 δοκεῖν.
1859 3122 1916 3188 εἰ
1975 3122 2047 3189 δὲ
2107 3122 2233 3190 τοῦ
2297 3124 2464 3190 θεοῦ
2510 3124 2677 3205 [τοῦ]
2724 3114 3029 3209 ἀοράτου
3082 3112 3287 3199 ὄντος
3320 3134 3390 3189 32

793 3214 1094 3305 ἀόρατον
1149 3217 1318 3289 εἶναι
1363 3224 1474 3287 καὶ
1519 3214 1648 3287 τὸν
1701 3213 1911 3305 λόγον
1963 3226 2331 3305 συμβαίνει,
2382 3224 2533 3302 πῶς
2578 3220 2820 3291 εἰκῶν
2860 3224 3005 3290 τοῦ
3054 3214 3286 3305 ἀορά-

791 3344 934 3388 του
977 3324 1178 3437 θεοῦ
1222 3312 1261 3387 6
1309 3313 1514 3405 λόγος
1559 3312 1718 3388 καθ’
1769 3314 2016 3388 ἑαυτὸν
2076 3318 2247 3388 εἶναι
2290 3316 2593 3403 δύναται,
2652 3325 2765 3391 καὶ
2824 3314 3031 3400 αὐτὸς
3092 3312 3287 3407 ἀόρα-

790 3444 912 3499 τος
956 3444 1088 3503 ων,·

563 3536 630 3590 30
663 3523 776 3589 καὶ
819 3518 1088 3605 προϊών
1134 3509 1330 3599 αὖθις
1374 3521 1688 3601 λοιδορεῖ,
1735 3520 1961 3603 λέγων
2005 3510 2227 3600 οῦτως

789 3620 928 3705 (Nr.
973 3624 1077 3703 24)
1133 3624 1283 3698 πῶς
1337 3608 1462 3687 οὖν
1517 3618 1580 3685 οἱ
1637 3612 1956 3703 »πλήρεις
2016 3611 2223 3688 δόλου
2281 3622 2393 3687 καὶ
2435 3617 2931 3707 ὁᾳδιουργίαςι,
2994 3612 3287 3689 ἀποστο-

789 3724 999 3798 λικῶς
1063 3723 1310 3799 εἰπεῖν,
1371 3719 1861 3803 μεταφέρουσιν
1905 3711 1987 3785 τὸ
2033 3711 2249 3804 ῥητὸν
2308 3719 2401 3799 εἰς
2445 3714 2592 3806 τὴν
2634 3716 2969 3806 πρώτην
3012 3712 3286 3798 αὐτοῦ,

790 3810 886 3895 ὥς
930 3819 1211 3899 οἴονται,
1256 3822 1549 3898 κτίσιν,
1609 3820 1723 3883 καὶ
1784 3819 2002 3885 ταῦτα
2047 3820 2174 3886 τοῦ
2230 3818 2437 3885 Δαυὶδ
2484 3822 2638 3904 περὶ
2692 3821 2814 3905 τῆς
2854 3814 3031 3887 κατὰ
3075 3812 3287 3903 σάρκα

789 3910 1004 3985 αυτοῦ
1047 3920 1370 4035 γενέσεως
1413 3920 1651 4001 σαφῶς
1697 3910 2074 4003 εἰρηκότος,

561 4032 628 4087 35
663 4019 777 4090 καὶ
829 4012 1078 4101 μεταξὺ
1120 4041 1395 4084 τουτων
1435 4012 1697 4102 μακρὸν
1737 4020 2143 4098 κατατείνας
2187 4010 2397 4103 λόγον
2440 4016 2741 4105 ἐπιφέρει
3319 4042 3388 4095 33

791 4114 929 4199 (Nr.
961 4117 1067 4200 85)
1114 4121 1183 4182 τί
1237 4104 1362 4183 οὖν
1407 4110 1579 4201 πρὸς
1629 4118 1846 4183 ταῦτα
1890 4118 2092 4200 λε’;ξει
2164 4113 2249 4187 οὗ
2310 4111 2437 4206 γὰρ
2500 4115 2684 4203 οἶμαι
2726 4110 2939 4187 αυτὸν
2983 4116 3159 4202 ἔχειν
3219 4140 3285 4182 τι

840 4283 869 4338 7
928 4283 1374 4341 Jer.2.13—
1432 4283 1506 4337 12
1563 4281 1894 4345 K01.1,15
1949 4314 2020 4323 —
2070 4284 2147 4339 81
2203 4286 2327 4340 Aet.
2376 4283 2917 4352 13,10-·88Ps
2956 4286 3071 4351 109,
3106 4282 3286 4353 3vgl.

665 4383 715 4437 S.
754 4386 833 4449 12,
873 4384 974 4439 17f

833 4536 871 4589 6
915 4534 1047 4603 περὶ
1083 4544 1148 4593 <
1185 4552 1212 4587 r
1273 4535 1284 4601 Ι
1347 4532 1810 4605 διαστραφέντων
1851 4535 2027 4604 Zahn,
2066 4535 2209 4593 doch
2244 4536 2354 4606 vgl.
2390 4536 2646 4607 Register
2694 4538 2701 4605 Ι
2752 4536 2829 4592 14
2884 4534 3049 4606 θεοῦ]
3088 4542 3153 4599 -1-
3188 4540 3289 4590 τοῦ

667 4654 718 4689 m
773 4637 783 4704 1
836 4635 912 4691 26
945 4642 1048 4691 τοῦ
1083 4645 1150 4695 <
1185 4634 1314 4691 and.
1351 4637 1424 4690 St.
