3694 5582
1210 513 1278 568 de
1313 513 1683 568 eeclesiasizica.
1715 513 2002 583 theologia
2035 511 2086 565 II
2120 510 2202 565 20.
2900 515 3015 578 129

392 673 843 765 ἐξισχύσωμεν
883 682 1390 763 καταλαβέσθαι
1449 676 1574 748 σὺν
1623 683 1833 748 πᾶσιν
1876 693 2023 757 τοῖς
2065 669 2279 762 ἀγίοις
2338 679 2409 743 τί
2467 671 2551 744 τὸ
2594 669 2861 754 πλάτος
2904 677 3013 743 καὶ

390 780 604 863 μῆκος
645 784 758 846 καὶ
799 771 1018 864 βάθος
1055 783 1166 847 καὶ
1210 770 1415 862 ὕψος,
1477 783 1737 865 γνῶναί
1777 803 1857 845 τε
1901 772 2030 863 τὴν
2074 769 2628 860 ὑπερβάλλουσαν
2672 778 2795 860 τῆς
2837 770 3011 859 γνώ-

391 896 563 958 σεως
605 871 880 965 ἀγάπην
929 882 1057 947 τοῦ
1109 883 1336 949 θεοῦι.
1419 884 1535 946 καὶ
1575 870 1783 956 αυτὸς
1835 880 1907 945 δὲ
1952 869 1989 944 6
2034 872 2265 962 σωτὴρ
2320 869 2531 992 ἡμῶν*
2554 883 2842 944 πλεῖστα
2888 894 3012 940 οσα
3049 893 3110 943 11

388 971 721 1063 μυστήρια
762 982 917 1064 περὶ
957 981 1082 1066 τῆς
1132 984 1468 1063 βασιλείας
1521 981 1668 1046 τῶν
1720 970 2040 1062 οὐρανῶν
2099 980 2250 1060 περί
2310 1001 2385 1044 τε
2446 978 2569 1062 τῆς
2628 978 3012 1052 συντελείας

319 1085 356 1139 5
392 1079 522 1144 τοῦ
562 1071 826 1156 παντὸς
869 1083 1024 1163 περί
1065 1105 1142 1147 τε
1186 1083 1335 1146 τῶν
1377 1080 1802 1163 ἐπαγγελιῶν
1841 1080 2017 1145 ποτὲ
2058 1079 2183 1160 μὲν
2225 1072 2333 1144 διὰ
2376 1078 2794 1160 παραβολῶν
2841 1076 3013 1142 ποτὲ

390 1179 463 1244 δὲ
504 1182 620 1244 καὶ
661 1178 736 1244 ἐν
781 1169 1196 1264 ἀπορρήτοις
1224 1179 1578 1262 ἐξέφαινεν
1606 1192 1752 1258 τοῖς
1784 1170 1997 1244 αὐτοῦ
2023 1183 2384 1262 μαθηταῖς,
2427 1170 2602 1260 πρὸς
2640 1167 2758 1253 οῦς
2788 1172 3015 1259 ἔλεγεν

400 1267 592 1361 »ὑμῖν
635 1278 908 1344 δέδοται
957 1281 1218 1361 γνῶναι
1261 1273 1346 1345 τὰ
1389 1271 1722 1364 μυστήρια
1764 1280 1893 1344 τοῦ
1933 1279 2163 1344 θεοῦι.
2249 1263 2354 1344 ὦν
2396 1269 2521 1343 οὔκ
2565 1300 2652 1343 αν
2696 1264 2881 1360 εὕροι
2910 1297 3013 1350 τις

387 1371 476 1442 τὰ
525 1376 636 1442 ἴσα
685 1371 874 1462 παρὰ
917 1381 1157 1445 Μωσεῖ
1202 1369 1246 1462 ἢ
1304 1372 1488 1460 παρὰ
1546 1390 1694 1455 τοῖς
1737 1381 2007 1455 λοιποῖς
2046 1372 2456 1462 προφήταις.
2540 1379 2609 1444 τί
2654 1363 2807 1456 οὖν,·
2866 1374 3009 1442 ἐπεὶ
3046 1387 3110 1440 12

387 1470 476 1560 μὴ
521 1479 625 1561 τῷ
669 1467 1012 1544 Ἰουδαίων
1055 1479 1201 1562 λαῷ
1243 1468 1599 1562 παρεδόθη
1645 1479 1882 1558 ταῦτα,
1927 1479 2019 1556 εἰς
2064 1470 2447 1561 ἐπιτήδειον
2473 1469 2713 1558 καιρὸν
2756 1480 3009 1556 φυλατ-

283 1587 354 1642 10
388 1568 644 1693 τόμενα
687 1579 772 1660 τῇ
817 1575 1132 1664 ἐκκλησία
1179 1578 1498 1662 Χριστοῦ,
1540 1572 1724 1661 παρὰ
1769 1579 1980 1643 τοῦτο
2023 1579 2195 1662 χρῆν
2203 1569 2393 1692 fist&
2421 1571 2551 1661 τὴν
2582 1576 3011 1660 δωρηθεῖσαν

389 1667 548 1760 ἡμῖν
603 1668 803 1759 χάριν
863 1668 1142 1744 ἀθετεῖν
1195 1668 1241 1761 ἢ
1291 1668 1620 1761 μειζόνως
1672 1669 2083 1760 εὐχαριστεῖν
2135 1679 2239 1759 τῷ
2293 1677 2418 1761 τῆς
2462 1668 2799 1759 τοσαύτης
2842 1665 3011 1758 ἡμᾶς

386 1770 889 1856 καταξιώσαντι
941 1771 1288 1860 γνώσεως,·
1347 1771 1522 1842 κατὰ
1583 1770 1712 1843 τὸν
1771 1769 1987 1843 αὐτὸν
2040 1763 2165 1843 οὖν
2218 1767 2487 1859 τρόπον
2534 1778 2648 1841 καὶ
2692 1769 2817 1852 τὰς
2856 1777 3007 1855 περὶ

389 1875 518 1940 τοῦ
555 1871 706 1941 υἱοῦ
755 1875 1184 1954 διδασκαλίας
1243 1875 1319 1942 ἐκ
1380 1878 1505 1962 τῆς
1563 1868 1778 1942 αυτοῦ
1835 1877 2077 1960 καινῆς
2136 1867 2469 1960 διαθήκης
2526 1867 2864 1959 προσήκοι
2924 1898 3009 1940 αν

389 1963 924 2058 ἀπολαμβάνειν,
987 1967 1189 2042 οὐδὲν
1241 1977 1701 2061 ξενιζομένους
1745 1975 1802 2041 εἰ
1843 1969 1934 2059 μὴ
1978 1978 2081 2060 τῷ
2128 1977 2637 2060 σκληροκαρδίῳ
2684 1977 2831 2059 λαῷ
2876 1967 3007 2058 τὴν

281 2087 352 2141 15
385 2075 542 2158 περὶ
585 2066 798 2142 αυτοῦ
841 2076 1095 2157 γνῶσιν
1139 2067 1616 2142 ἀνεκάλυπτον
1670 2072 1735 2140 οἱ
1793 2076 1922 2140 τοῦ
1972 2075 2143 2142 θεοῦ
2186 2068 2585 2160 ἄνθρωποι,
2630 2075 2724 2152 εἰς
2766 2067 3007 2157 καιρὸν

387 2162 706 2258 εὔκαιρον
749 2167 880 2240 τὸν
931 2175 1082 2258 περὶ
1129 2166 1344 2240 αὐτοῦ
1386 2165 1861 2261 ταμιευόμενοι
1904 2165 2133 2257 λόγον.
2218 2165 2301 2239 οὗ
2345 2167 2469 2256 γὰρ
2516 2163 2734 2240 ἐδόκει
2778 2165 3003 2256 ἐπιτή-
3041 2177 3105 2229 13

387 2274 577 2341 δειον
616 2269 788 2340 εἶναι
829 2265 914 2340 τὸ
953 2274 1330 2357 τηνικαῦτα
1371 2265 1905 2359 υποσυρομένοις
1948 2264 2271 2356 ἀνδράσιν
2322 2271 2433 2338 ἐπὶ
2477 2267 2609 2357 τὴν
2651 2266 3006 2341 πολύθεον

385 2365 658 2457 πλάνην
717 2365 1168 2457 παραδιδόναι
1230 2366 1312 2440 τὸ
1369 2375 1522 2456 περὶ
1572 2365 1834 2456 πατρὸς
1876 2373 1989 2438 καὶ
2030 2371 2182 2438 υἱοῦ
2226 2365 2626 2456 μυστήριον,
2688 2367 2791 2449 οἷς
2850 2363 3004 2438 ουδὲ

387 2466 552 2550 τούς
593 2475 747 2556 περὶ
791 2475 936 2539 τῶν
977 2464 1494 2560 ῦποβεβηκυιῶν
1547 2465 1907 2557 δυνάμεων
1948 2463 2410 2552 ἐξεκάλυπτον
2453 2463 2723 2556 λόγους,
2778 2497 2877 2549 ως
2920 2495 3005 2536 αν

277 2582 352 2638 20
386 2566 478 2656 μὴ
521 2565 864 2657 προφάσει
907 2566 1124 2655 ταύτῃ
1175 2572 1286 2639 ἐπὶ
1339 2567 1471 2659 τὴν
1505 2563 1909 2666 Ἑλληνικὴν
1958 2573 2410 2639 καταπέσοιεν
2462 2572 2877 2649 πολυθεὶαν,
2940 2571 3010 2638 οἳ

385 2673 650 2754 πατέρα
700 2664 1033 2788 ’,ἀνδρῶν
1055 2696 1130 2738 τε
1172 2676 1365 2740 θεῶν
1418 2697 1529 2739 τε(
1595 2668 1723 2740 τὸν
1764 2662 1965 2756 ’παρ’
1998 2665 2229 2749 αυτοῖς
2288 2662 2784 2739 ἀνεπλᾶσαντο
2799 2665 3007 2740 θεόν.

385 2763 625 2855 διόπερ
667 2772 792 2856 τῆς
835 2766 1160 2857 τοιαύτης
1212 2763 1460 2851 αυτοὺς
1513 2762 1955 2839 ἀναστέλλων
2008 2763 2275 2857 πλάνης
2335 2762 2374 2839 6
2434 2763 2640 2855 λόγος
2700 2765 2830 2839 τὸν
2891 2766 3007 2839 ἕνα
3043 2775 3107 2828 14

384 2866 556 2938 θεὸν
601 2864 996 2956 ἐκήρυττεν,
1060 2865 1144 2939 οῦ
1203 2869 1337 2958 μὴν
1389 2873 1652 2956 πατέρα
1701 2869 1874 2939 εἶναι
1930 2867 2057 2939 τὸν
2098 2862 2312 2938 αὐτὸν
2355 2863 2653 2957 ἠρνεῖτο·
2724 2874 2835 2938 καὶ
2880 2866 3007 2938 τὸν

384 2962 616 3057 ἀληθῆ
661 2974 732 3039 δὲ
776 2974 994 3053 σέβειν
1035 2971 1378 3040 ἐδίδασκεν
1419 2976 1533 3039 καὶ
1583 2968 1766 3057 πλὴν
1822 2963 2037 3039 αὐτοῦ
2086 2973 2343 3055 μηδένα
2396 2972 2644 3039 εἰδέναι
2703 2965 3005 3057 παρῄνει,

274 3083 346 3137 25
383 3062 470 3138 οῦ
510 3064 644 3155 μὴν
700 3063 972 3156 ἠρνεῖτο
1025 3069 1198 3139 εἶναι
1257 3065 1473 3140 αὐτὸν
1529 3074 1808 3156 πατέρα.
1874 3072 1885 3154 Ι
1950 3070 2009 3137 εἰ
2068 3071 2143 3137 δὲ
2200 3073 2312 3139 καὶ
2370 3067 2609 3156 κύριον
2665 3074 2779 3138 καὶ
2838 3065 3008 3139 θεὸν
3048 3076 3161 3132 187

382 3163 600 3237 αὐτὸν
640 3173 754 3235 καὶ
800 3171 1066 3238 δίκαιον
1106 3175 1221 3239 καὶ
1265 3174 1544 3256 σωτῆρα
1589 3164 1929 3251 ἀπεκάλει,
1974 3161 2122 3238 ἀλλ’
2170 3163 2295 3238 οὐκ
2338 3162 2691 3239 ἀπέκλειεν
2733 3173 2859 3237 τοῦ
2897 3174 3007 3237 καὶ

381 3270 650 3353 πατέρα
693 3266 866 3336 εἶναι
909 3262 1122 3337 αυτὸν
1178 3264 1483 3356 ἡγεῖσθαι
1544 3272 1670 3337 τοῦ
1731 3272 2145 3355 μονογενοῦς
2205 3262 2419 3337 αυτοῦ
2478 3272 2591 3339 καὶ
2650 3262 3007 3355 ἀγαπητοῦ

379 3358 936 3436 moach-'0512
977 3360 1016 3435 6
1059 3366 1288 3456 πατὴρ
1333 3374 1556 3485 λέγοι
1563 3361 1692 3437 εἴθ’
1741 3360 1778 3437 6
1821 3364 1969 3448 υιός
2011 3361 2093 3435 τὸ
2144 3366 2312 3453 »ἐγώ
2361 3371 2489 3453 εἰμι
2533 3360 2571 3437 6
2618 3362 2785 3449 ὤνι,
2849 3362 3005 3455 ἀλη-
3043 3380 3106 3433 15

383 3464 580 3537 θεύοι
627 3494 712 3534 αν
756 3466 1093 3552 ἑκατέρως
1138 3462 1178 3536 6
1223 3463 1445 3554 λόγος.
1531 3458 1570 3535 ὅ
1614 3494 1690 3536 τε
1735 3463 1861 3553 γὰρ
1903 3463 2132 3555 πατὴρ
2181 3460 2257 3535 »6
2305 3458 2443 3535 ὢν(
2494 3469 2593 3553 ειη
2638 3464 2754 3549 ἄν,
2798 3464 3009 3553 μόνος

271 3580 346 3636 30
382 3561 592 3647 αυτὸς
634 3592 738 3636 ων
787 3568 934 3634 »ἐπὶ
985 3561 1302 3650 πάντων,
1351 3573 1464 3636 καὶ
1517 3563 1626 3635 διὰ
1677 3562 1999 3649 πάντων,
2024 3570 2155 3639 καὶ
2200 3568 2276 3635 ἐν
2316 3570 2523 3635 πᾶσιν
2566 3564 2767 3647 θεὸς(
2826 3596 2923 3646 ως
2969 3560 3007 3635 6

381 3675 574 3746 θεῖος
618 3667 918 3751 ἐδίδαξεν
961 3660 1368 3747 ἀπόστολος.
1455 3660 1494 3735 6
1539 3693 1614 3735 τε
1657 3663 1804 3747 υἱὸς
1846 3671 1960 3735 καὶ
2003 3661 2211 3747 αὐτὸς
2252 3671 2691 3753 χρηματίζων
2741 3659 2814 3735 »6
2863 3692 2999 3734 mv«

380 3758 712 3852 ἀληθεῦοι
757 3792 860 3846 αν,
905 3761 1116 3851 μόνος
1161 3792 1266 3835 ων
1310 3764 1458 3847 υἱὸς
1509 3763 1885 3853 μονογενὴς
1939 3770 2066 3835 τοῦ
2120 3756 2347 3847 ὄντος·
2418 3759 2595 3835 ἀλλὰ
2644 3770 2757 3834 καὶ
2802 3765 3009 3835 εἰκών

383 3869 512 3935 τοῦ
556 3857 858 3951 ἀοράτου
898 3870 1069 3933 θεοῦ
1109 3861 1439 3952 υπάρχων
1483 3862 1660 3935 κατὰ
1705 3870 1917 3936 τοῦτο
1964 3869 2065 3953 ειη
2111 3892 2198 3933 αν
2241 3860 2453 3935 αὐτοῦ
2495 3862 2717 3949 εἰκών,
2760 3859 2920 3935 καθ’
2969 3858 3005 3933 ὃ

379 3960 592 4050 μόνος
633 3952 724 4050 ἦν
767 3956 974 4045 αυτὸς
1024 3957 1099 4032 »6
1144 3986 1312 4033 ωνι·
1387 3960 1490 4034 διὸ
1543 3970 1654 4033 καὶ
1707 3960 1917 4046 αὐτὸς
1958 3970 2350 4053 χρηματίζοι
2392 3960 2479 4032 ἀν
2528 3958 2601 4033 »6
2648 3960 2819 4049 ὤνι,
2864 3968 3005 4035 ἐπεὶ

555 4132 584 4186 7
627 4130 830 4186 Matth.
865 4134 946 4197 13,
986 4134 1048 4186 11
1087 4133 1208 4187 Par.
1246 4162 1311 4171 —
1356 4133 1432 4188 21
1471 4133 1678 4187 Homer
1711 4136 1762 4187 A
1797 4136 1901 4188 544
1935 4151 1987 4187 u.
2024 4138 2075 4187 δ.
2116 4162 2184 4172 -
2228 4131 2352 4189 251
2382 4152 2427 4186 z.
2464 4134 2524 4187 B.
2562 4134 2669 4187 Jae.
2703 4136 2787 4200 45,
2825 4133 2904 4189 18.
2941 4134 3005 4187 21

383 4262 448 4271 —
485 4232 565 4289 28
603 4232 702 4289 Ex.
722 4234 770 4297 3,
791 4236 858 4287 14
891 4262 958 4271 -—
995 4233 1074 4289 29
1113 4233 1288 4298 Ex.3‚
1317 4237 1382 4289 14
1417 4264 1484 4273 -
1518 4233 1599 4289 80
1625 4234 1764 4303 pr.
1801 4235 1905 4301 4,ss
1941 4264 2006 4273 —
2044 4234 2118 4289 81
2159 4232 2255 4289 Ex.
2292 4236 2341 4300 3,
2380 4237 2445 4289 14
2478 4266 2545 4273 -
2582 4234 2705 4290 821
2733 4233 2922 4297 K01.1‚
2944 4236 3007 4287 15

383 4362 448 4373 —
484 4333 564 4389 84
599 4332 700 4389 Ex.
739 4334 788 4405 3,
827 4336 894 4389 14

561 4484 600 4538 8
647 4484 816 4553 θεοῦ]
854 4486 1108 4554 Χριστοῦ
1143 4485 1238 4539 ΝΤ
1301 4487 1310 4554 Ι
1379 4486 1408 4540 7
1449 4486 1750 4559 μυστήρια]
1795 4492 1861 4550 -ὶ-
1894 4491 1995 4553 τῆς
2027 4485 2354 4556 βασιλείαςῖ
2420 4486 2430 4551 Ι
2497 4486 2572 4541 12
2626 4482 2909 4555 γνώσεως]
2947 4492 3012 4548 -1-

400 4586 520 4655 θεῷ
575 4584 682 4653 (οᾶ.
721 4586 970 4659 Χριστῷ)
1015 4586 1108 4641 Mo
1174 4586 1182 4655 Ι
1251 4586 1328 4642 14
1379 4583 1806 4661 ὑπολαμβάνειν
1850 4586 1957 4640 We
2036 4586 2044 4655 Ι
2130 4586 2204 4642 19
2257 4582 2700 4659 ὑποβεβηκότων
2736 4586 2787 4639 V
2859 4591 2867 4651 Ι
2934 4587 3013 4645 28

386 4684 548 4754 λέγοι
593 4687 666 4740 Κ]
701 4684 884 4757 λέγων
918 4686 969 4741 V
1006 4684 1120 4756 (εἴη
1158 4686 1218 4757 ὁ)
1257 4688 1478 4759 λέγωνῖ
1513 4690 1620 4744 We
1683 4690 1693 4757 Ι
1757 4688 1834 4744 38
1869 4684 2015 4743 κατὰ
2052 4688 2125 4741 Kl
2160 4690 2257 4743 καὶ
2292 4688 2339 4741 V

514 4774 756 4820 Eusebius
785 4774 864 4817 IV.
2541 4774 2575 4827 9
