3694 5582
695 484 810 547 186
1835 478 2103 535 Eusebius

693 646 852 713 ἡμῶν
885 639 1104 717 Ἰησοῦς
1139 646 1408 717 Χριστός·
1469 639 1593 701 ἀλλ’
1637 644 1670 699 ὁ
1717 640 1794 701 δι’
1831 638 2145 702 Ἐλισσαίου
2178 654 2280 703 τοῦ
2316 650 2616 719 προφήτου
2652 644 2906 711 ἀναστὰς
2940 643 3146 715 ἀνέστη
3182 648 3321 719 πρό-

691 748 884 798 τερος,
927 732 1027 785 καί
1060 731 1332 803 Λάζαρος
1375 728 1434 787 δὲ
1469 730 1584 797 πρὸ
1623 737 1720 798 τῆς
1756 728 1931 785 αὐτοῦ
1968 728 2335 796 ἀναστάσεως
2369 728 2601 801 ἀνέστη,
2644 734 2744 786 καὶ
2778 728 2841 787 ἐν
2886 739 2967 805 τῷ
3001 738 3183 805 καιρῷ
3217 739 3324 787 τοῦ

691 812 918 880 πάθους
957 814 1168 872 »πολλὰ
1207 812 1447 883 σώματα
1485 822 1600 869 τῶν
1634 814 2093 884 κεκοιμημένωνα
2136 812 2467 885 ἀνέστησαν.

863 982 954 1037 Nr.
975 985 1007 1037 3
1027 984 1126 1047 (Re
1144 986 1196 1045 3]
1217 986 1338 1039 νυνὶ
1361 984 1421 1040 δὲ
1445 980 1802 1049 ἐξετάσωμεν
1827 976 1891 1037 ἓν
1924 1000 1979 1037 τι
2002 980 2177 1051 ῥητὸν
2200 988 2315 1037 τῶν
2340 978 2449 1038 ὑπὸ
2474 980 2756 1054 Ἀστερίου
2793 983 3153 1055 γραφέντων·
3212 980 3321 1055 ἔφη

626 1066 658 1116 ἴ)
694 1064 805 1137 γὰρ
844 1058 1036 1131 οἶτος·
1093 1062 1302 1135 ἄλλος
1334 1066 1458 1138 μὲν
1495 1065 1623 1138 γάρ
1661 1064 1849 1122 ἐστιν
1886 1064 1917 1122 ὁ
1953 1069 2205 1139 πατὴρ,
2244 1066 2276 1123 ό
2312 1071 2653 1137 γεννήσας
2689 1064 2759 1134 ἐξ
2794 1064 3005 1124 αὑτοῦ
3041 1070 3161 1125 τὸν
3192 1087 3317 1137 μο-

694 1158 943 1222 νογενῆ
979 1154 1194 1223 λόγον
1225 1154 1343 1207 καὶ
1377 1151 1830 1223 πρωτότοκον
1866 1150 2086 1220 πάσης
2118 1154 2422 1217 κτίσεως.
2480 1150 2783 1223 ἀμφότερα
2820 1151 3081 1223 συνάψας
3116 1152 3317 1225 γέγρα-

695 1255 802 1305 φεν
835 1244 1184 1307 μονογενῆ
1218 1240 1336 1291 καὶ
1371 1239 1849 1308 πρωτότοκον,
1896 1240 2108 1304 πολλῆς
2142 1232 2539 1305 ἐναντιότητος
2574 1234 2639 1293 ἐν
2672 1245 2795 1301 τοῖς
2831 1236 3110 1305 ὀνόμασιν
3147 1232 3318 1306 οὔσης

695 1320 940 1385 τούτοις,
995 1319 1075 1387 ὥς
1112 1318 1264 1378 ἔστιν
1308 1317 1506 1397 ῥᾴδιον
1540 1324 1639 1377 καὶ
1675 1329 1794 1386 τοῖς
1829 1322 2051 1391 σφόδρα
2086 1320 2433 1389 δυσμαθέσιν
2466 1328 2697 1393 γνῶναι.
2766 1324 2938 1389 δῆλον
2992 1320 3103 1393 γὰρ
3158 1317 3246 1377 ὅτι
3284 1321 3317 1375 ὁ

693 1409 1028 1475 μονογενής,
1066 1405 1121 1463 εί
1153 1402 1335 1471 ὅντως
1369 1408 1690 1475 μονογενὴς
1723 1403 1826 1475 εἴη,
1866 1403 2052 1461 οὐκέτι
2086 1405 2460 1475 πρωτότοκος
2494 1402 2643 1463 εἶναι
2676 1405 2926 1473 δύναται,
2962 1408 3061 1461 καί
3096 1403 3129 1460 ὀ
3166 1424 3315 1477 πρω-

593 1487 659 1537 10
695 1490 938 1555 τότοκος
973 1481 1008 1561 ἦ
1048 1490 1473 1562 (πρωτότοκος)
1512 1488 1581 1545 οὐ
1615 1489 1846 1547 δύναται
1882 1492 2199 1560 μονογενὴς
2234 1484 2395 1546 εἶναι.

861 1658 952 1711 Nr.
989 1662 1024 1712 4
1061 1656 1162 1727 (Re
1195 1660 1247 1723 4)
1286 1654 1494 1712 οὐκοῦν
1530 1654 1580 1713 εί
1621 1658 2043 1729 »πρωτότοκοςε
2081 1656 2187 1725 μέν
2224 1657 2376 1713 ἐστιν
2406 1653 2661 1725 »ἁπάσης
2693 1660 2957 1723 κτίσεως«
2998 1654 3181 1723 αὐτός,
3222 1654 3315 1713 »ἐν

693 1739 874 1813 αὔτῷα
913 1742 974 1799 δὲ
1013 1740 1272 1811 »ἐκτίσθη
1307 1742 1380 1799 τὰ
1415 1740 1662 1809 πάντων,
1717 1742 1992 1812 προσήκει
2038 1740 2246 1798 εἰδέναι
2291 1743 2465 1811 ἡμᾶς,
2519 1737 2609 1797 ὅτι
2641 1744 2776 1811 περὶ
2812 1748 2911 1812 τῆς
2944 1742 3090 1799 κατὰ
3127 1741 3313 1813 σάρκα

693 1824 1030 1894 οἰκονομίας
1065 1824 1239 1881 αὐτοῦ
1276 1825 1308 1882 ό
1345 1824 1671 1890 ἀπόστολος
1705 1827 1827 1880 νυνὶ
1862 1823 2158 1894 μέμνηται.

863 1977 956 2031 Nr.
995 1981 1026 2033 ὅ
1063 1976 1164 2045 (Re
1199 1978 1252 2045 5)
1309 1974 1733 2045 »πρωτότοκος-ι
1793 1968 1895 2031 οὖν
1944 1972 2200 2047 »ἀπάσης
2233 1978 2497 2043 κτίσεως(
2546 1979 2637 2035 διὰ
2672 1979 2775 2047 τὴν
2808 1977 2956 2035 κατὰ
2996 1974 3181 2046 σάρκα
3222 1977 3309 2047 γέ-

592 2056 657 2108 15
694 2076 847 2116 νεσιν
884 2057 1218 2131 ὠνομάσθη,
1255 2058 1324 2116 οὖ
1357 2060 1466 2117 διὰ
1501 2063 1622 2129 τὴν
1657 2058 1959 2131 πρώτην,
1998 2055 2079 2125 ὼς
2113 2058 2275 2117 αὐτοὶ
2312 2058 2547 2129 οἴονται,
2582 2063 2819 2118 κτίσιν.

861 2230 954 2283 Nr.
991 2232 1024 2283 6
1077 2230 1178 2299 (Re
1210 2232 1262 2297 6)
1319 2227 1388 2284 οὐ
1437 2229 1628 2284 τοίνυν
1673 2220 1842 2294 οὗτος
1887 2228 1920 2285 ὁ
1955 2224 2275 2298 ἇγιώτατος
2327 2228 2501 2298 λόγος
2532 2228 2649 2299 πρὸ
2684 2234 2783 2297 τῆς
2816 2225 3308 2301 ἐνανθρωπήσεως

697 2314 1093 2385 »πρωτότοκος
1128 2311 1352 2385 ἁπάσης
1385 2316 1652 2378 κτίσεως«
1693 2309 2001 2383 ὠνόμαστο
2046 2315 2189 2383 (πῶς
2223 2311 2335 2385 γὰρ
2370 2314 2610 2369 δυνατὸν
2645 2312 2747 2369 τόν
2782 2310 2875 2369 ἀεὶ
2910 2308 3050 2369 ὄντα
3084 2311 3308 2383 πρωτό-

691 2416 867 2453 τοκον
901 2392 1052 2455 εἷναί
1083 2400 1299 2465 τινοςς),
1335 2395 1478 2455 ἀλλὰ
1516 2397 1618 2454 τὸν
1653 2404 1885 2471 πρῶτον
1924 2399 2153 2454 »καινὸν
2188 2392 2551 2465 ἄνθρωπονε,
2588 2395 2671 2463 εἷς
2705 2393 2773 2453 ὃν
2814 2397 2913 2453 »τὰ
2948 2395 3133 2452 πάντα
3168 2393 3305 2451 ἀνα-

691 2479 1230 2551 κεφαλαιώσασθαι(
1270 2478 1553 2555 ἐβουλήθη
1591 2481 1624 2537 ὁ
1658 2482 1821 2547 θεός,
1856 2488 2062 2537 τοῦτον
2098 2478 2158 2536 αἱ
2190 2484 2350 2537 θεῖαι
2384 2483 2607 2553 γραφαὶ
2645 2481 3052 2551 »πρωτότοκον
3087 2479 3300 2549 πάσηςπ

592 2566 659 2619 ‘20
694 2564 1075 2635 ὀνομάζουσιν
1114 2570 1430 2633 »mitrave«.

853 2734 947 2788 Nr.
987 2738 1016 2789 7
1055 2734 1153 2804 (Re
1191 2735 1240 2803 7)
1277 2730 1504 2801 ἀκούεις
1541 2730 1700 2800 ὅπως
1735 2731 1804 2789 οὐ
1835 2732 2021 2803 μόνον
2054 2740 2256 2798 ταῦτα,
2302 2729 2445 2788 ἀλλὰ
2482 2736 2581 2789 καὶ
2622 2731 2695 2789 τὰ
2732 2730 3178 2806 προϋπάρχοντα
3218 2728 3311 2787 »ἔν

687 2837 746 2874 τε
785 2815 1055 2890 οὐρανοῖς
1088 2819 1188 2873 καὶ
1240 2815 1334 2874 ἐπὶ
1381 2826 1482 2888 τῆς
1526 2825 1630 2890 γῆς
1664 2817 1725 2875 ἐν
1762 2817 1944 2888 αὐτῷ·
1992 2815 2139 2874 κατὰ
2184 2819 2288 2886 τὴν
2322 2820 2524 2886 καινὴν
2558 2821 2739 2874 κτίσιν
2795 2815 3113 2874 »ἐκτίσθαιι
3170 2835 3305 2886 συμ-

683 2903 885 2974 βαίνει.

851 3071 946 3124 Nr.
981 3074 1016 3126 8
1055 3072 1156 3138 (Re
1189 3070 1244 3138 8)
1298 3071 1396 3126 καὶ
1438 3071 1516 3138 μὴ
1561 3079 1731 3127 τοῦτο
1777 3068 2067 3128 ἀπίθανον
2104 3065 2251 3128 εἶναι
2294 3069 2570 3140 νομιζέτω
2608 3062 2897 3140 Ἀστέριος,
2931 3068 2986 3126 εί
3018 3065 3303 3138 νεώτερον

581 3153 646 3208 25
684 3151 752 3208 ὂν
790 3153 964 3210 αὐτοῦ
1009 3153 1130 3222 (τό)
1179 3161 1344 3223 σῶμα
1381 3154 1661 3224 τοσαύτης
1700 3163 1891 3226 τυχεῖν
1934 3151 2318 3227 ἀρχαιότητος
2362 3151 2627 3224 ἐδυνήθη·
2690 3146 2819 3210 ἀλλ’
2867 3150 3159 3222 ἐννοείτω,
3214 3149 3306 3210 ὅτι

683 3237 786 3306 (εἰ)
823 3241 921 3295 καὶ
954 3239 1200 3308 μάλιστα
1234 3242 1336 3308 τὴν
1372 3236 1742 3312 ἀνθρωπίνην
1779 3237 1966 3312 σάρκα
1992 3238 2275 3308 νεωτέραν
2310 3233 2460 3294 εἶναι
2484 3239 2796 3310 συμβαίνει,
2834 3231 2992 3305 ὅμως
3025 3237 3059 3294 ό
3092 3237 3301 3308 ταύτην

681 3319 991 3396 ἀναλαβεῖν
1025 3318 1094 3379 δι’
1129 3319 1307 3394 ἁγνῆς
1341 3321 1598 3390 ἀξιώσας
1629 3323 1924 3394 παρθένου
1958 3324 2155 3394 λόγος,
2189 3322 2364 3392 ταύτῃ
2400 3323 2466 3379 τὸ
2505 3319 2709 3378 ἑαυτοῦ
2744 3317 2978 3388 ἑνώσας,
3016 3319 3087 3378 οὐ
3116 3322 3303 3391 μόνον

683 3407 1086 3477 »πρωτότοκον
1135 3405 1319 3476 πάσης
1353 3409 1618 3474 κτίσεωςα
1678 3407 1781 3464 τόν
1835 3406 1897 3465 ἐν
1942 3405 2125 3482 ἑαυτῷ
2178 3403 2495 3477 ἄνθρωπον
2540 3405 2843 3464 κτισθέντα
2888 3403 3299 3480 ἀπειργάσατο,

679 3488 821 3546 ἀλλὰ
856 3491 956 3546 καὶ
990 3489 1175 3562 ἀρχὴν
1210 3488 1482 3549 ἁπάντων
1529 3490 1702 3548 αὐτὸν
1739 3487 1889 3549 εἶναι
1921 3492 2215 3565 βούλεται,
2266 3491 2335 3548 οὔ
2369 3499 2484 3548 τῶν
2520 3489 2614 3548 ἐπὶ
2647 3497 2752 3562 γῆς
2782 3490 2983 3559 μόνον,
3020 3488 3165 3548 ἀλλὰ
3198 3493 3301 3546 καὶ

573 3571 642 3624 30
676 3581 791 3629 τῶν
827 3572 888 3631 ἐν
924 3573 1208 3648 οὐρανοῖς.

843 3726 934 3780 Nr.
971 3729 1003 3782 9
1041 3727 1142 3796 (Re
1175 3729 1226 3794 9)
1262 3726 1328 3783 τὸ
1365 3729 1556 3783 τοίνυν
1589 3725 1909 3797 κεφάλαιον
1956 3729 2115 3782 τουτὶ
2151 3733 2252 3796 τῆς
2286 3727 2615 3797 Παροιμίας
2660 3724 2731 3782 οὒ
2772 3727 2893 3794 τὴν
2930 3723 3146 3796 ἀρχὴν
3178 3732 3297 3794 τῆς

675 3808 1033 3878 θεότητος,
1069 3803 1266 3882 ὥσπερ
1305 3809 1468 3868 αὐτοὶ
1501 3815 1849 3881 νομίζουσιν,
1894 3819 1999 3866 τοῦ
2034 3817 2291 3882 σωτῆρος
2334 3811 2497 3879 ἡμῶν
2542 3815 2907 3883 παραστῆσαι
2938 3811 3295 3882 βουλόμενον

845 3978 1068 4033 4--10
1120 3979 1203 4043 19,
1239 3979 1482 4047 30-20,
1527 3980 1558 4030 7
1603 4009 1670 4018 -
1721 3980 1968 4035 11—13
2018 3981 2117 4043 45,
2156 3980 2363 4032 11—13
2412 4009 2479 4017 -—
2531 3979 2785 4034 14-——15
2836 3979 2932 4043 45,
2970 3978 3175 4031 15—16
3224 4007 3293 4016 —-

671 4045 1456 4180 gffssg243’6333336—
1510 4047 1766 4103 21—23
1799 4048 1887 4114 45,
1922 4047 2144 4099 25—27
2188 4076 2255 4085 —
2306 4047 2588 4102 24—30
2621 4049 2711 4115 44,
2747 4046 2965 4099 13—25
3014 4075 3083 4084 --
3134 4046 3292 4102 31—-

842 4248 873 4301 1
914 4248 964 4299 II
985 4248 1122 4302 Kbn.
1141 4251 1190 4310 4,
1211 4250 1419 4303 35—2
1456 4248 1972 4316 Joh.11,44—51r
2002 4251 2114 4318 vgl.
2135 4249 2188 4303 S.
2206 4249 2325 4314 205,
2352 4249 2476 4304 27ff
2504 4279 2570 4288 —
2610 4251 2644 4305 5
2673 4248 2795 4304 Joh.
2819 4251 2863 4316 1,
2895 4249 2961 4303 18
2994 4277 3061 4286 —-
3098 4248 3136 4306 6
3160 4246 3287 4301 Kol.

671 4316 697 4364 1
745 4317 810 4367 15
845 4344 912 4352 -
951 4315 1068 4370 111
1101 4315 1221 4370 Kol.
1251 4319 1403 4380 1,15.
1433 4319 1497 4370 16
1533 4347 1599 4354 -
1637 4318 1715 4373 14
1753 4317 1876 4371 1³01.
1904 4320 1949 4376 1,
1978 4318 2041 4371 15
2075 4345 2141 4355 -
2180 4317 2253 4373 17
2295 4316 2418 4370 Κοι.
2458 4321 2605 4384 1,15
2640 4347 2708 4356 -
2745 4317 2823 4373 18
2860 4317 3083 4386 Eph.2,
3121 4317 3185 4370 15
3220 4345 3287 4354 -

669 4355 806 4450 1591.
845 4386 891 4446 1,
929 4384 994 4436 10
1029 4413 1096 4420 —-
1135 4385 1211 4438 19
1253 4383 1375 4437 Κοι.
1412 4389 1458 4450 1,
1499 4387 1561 4438 15
1597 4415 1663 4424 -
1701 4384 1822 4441 211
1854 4383 1977 4438 Kol.
2016 4387 2062 4452 1,
2100 4385 2165 4439 16
2200 4413 2267 4424 --
2304 4385 2383 4440 28
2420 4384 2543 4439 K01.
2583 4389 2627 4453 1,
2666 4387 2731 4439 15

839 4517 874 4570 3
927 4515 1376 4592 κεκοιμημένων]
1415 4527 1478 4581 -ἢ-
1517 4515 1738 4589 ἁγίωνῖ
1785 4521 1794 4586 1
1851 4521 1885 4575 5
1922 4515 2101 4574 αὐτοῦ
2137 4517 2236 4585 V*,
2274 4537 2409 4574 corr.
2446 4519 2525 4572 V²
2578 4521 2586 4586 Ι
2636 4521 2715 4576 10
2750 4505 2786 4589 ᾗ
2821 4518 3191 4590 πρωτότοκος
3208 4517 3287 4572 V²

668 4602 716 4638 a.
754 4584 815 4637 R.
853 4583 886 4652 ἢ
925 4585 1004 4638 V*
1069 4589 1076 4654 Ι
1145 4587 1221 4641 25
1273 4587 1342 4641 τὸ
1389 4593 1555 4656 σῶμα
1590 4585 1868 4655 τοσαύτης
1903 4586 1975 4640 Kl
2028 4585 2163 4655 (vgl.
2200 4585 2293 4641 Mo
2327 4587 2408 4642 Ro
2443 4587 2615 4654 Zahn)
2654 4583 2923 4655 σώματος
2958 4583 3129 4654 αὐτῆς
3163 4585 3212 4639 V
3272 4585 3283 4653 Ι

667 4651 790 4707 251³
821 4647 908 4707 ὅτι
943 4650 998 4708 εἰ
1028 4654 1126 4708 καὶ
1163 4671 1191 4706 1·
1224 4655 1322 4708 καὶ
1357 4648 1446 4708 ὅτι
1485 4655 1531 4706 V
1597 4658 1605 4722 Ι
1671 4655 1749 4711 28
1784 4651 2179 4724 ἀπειργάσατο
2214 4665 2281 4712 <
2316 4673 2343 4707 r
2404 4658 2413 4724 Ι
2481 4657 2558 4710 29
2594 4653 2790 4724 μόνων
2826 4655 2875 4706 V
