<?xml version="1.0" encoding="UTF-8"?>
<!DOCTYPE html PUBLIC "-//W3C//DTD XHTML 1.0 Transitional//EN"
    "http://www.w3.org/TR/xhtml1/DTD/xhtml1-transitional.dtd">
<html xmlns="http://www.w3.org/1999/xhtml" xml:lang="en" lang="en">
 <head>
  <title>
</title>
<meta http-equiv="Content-Type" content="text/html;charset=utf-8" />
  <meta name='ocr-system' content='tesseract 3.04.00' />
  <meta name='ocr-capabilities' content='ocr_page ocr_carea ocr_par ocr_line ocrx_word'/>
</head>
<body>
  <div class='ocr_page' id='page_1' title='image "./werkevolume00eusegoog_0036.png"; bbox 0 0 3694 5582; ppageno 0'>
   <div class='ocr_carea' id='block_1_1' title="bbox 201 1241 3014 1349">
    <p class='ocr_par' dir='ltr' id='par_1_1' title="bbox 201 1241 3014 1349">
     <span class='ocr_line' id='line_1_1' title="bbox 201 1241 3014 1349; baseline 0.009 -15"><span class='ocrx_word' id='word_1_1' title='bbox 201 1241 322 1308; x_wconf 72' lang='lat'><strong><em>2⁹*</em></strong></span> <span class='ocrx_word' id='word_1_2' title='bbox 741 1251 1422 1347; x_wconf 63' lang='lat' dir='ltr'>EYEEBIOY</span> <span class='ocrx_word' id='word_1_3' title='bbox 1478 1251 1556 1346; x_wconf 88' lang='lat' dir='ltr'>T</span> <span class='ocrx_word' id='word_1_4' title='bbox 1561 1251 1748 1347; x_wconf 87' lang='lat' dir='ltr'><strong><em>OY</em></strong></span> <span class='ocrx_word' id='word_1_5' title='bbox 1803 1251 2516 1349; x_wconf 76' lang='grc' dir='ltr'><strong>ΠΑΜΦΙΛΟῩ</strong></span> <span class='ocrx_word' id='word_1_6' title='bbox 2984 1258 3014 1312; x_wconf 85' lang='lat'>¹</span> 
     </span>
    </p>
   </div>
   <div class='ocr_carea' id='block_1_2' title="bbox 934 1463 2339 1546">
    <p class='ocr_par' dir='ltr' id='par_1_2' title="bbox 934 1463 2339 1546">
     <span class='ocr_line' id='line_1_2' title="bbox 934 1463 2339 1546; baseline 0.003 -4"><span class='ocrx_word' id='word_1_7' title='bbox 934 1463 1186 1545; x_wconf 79' lang='grc' dir='ltr'><strong><em>ΤΩΝ</em></strong></span> <span class='ocrx_word' id='word_1_8' title='bbox 1247 1464 1556 1545; x_wconf 82' lang='grc' dir='ltr'>ΚΑΤΑ</span> <span class='ocrx_word' id='word_1_9' title='bbox 1619 1463 2339 1546; x_wconf 79' lang='grc' dir='ltr'><strong>ΜΑΡΚΕΛΛΟΥ</strong></span> 
     </span>
    </p>
   </div>
   <div class='ocr_carea' id='block_1_3' title="bbox 1065 1643 2202 1886">
    <p class='ocr_par' dir='ltr' id='par_1_3' title="bbox 1065 1643 2202 1886">
     <span class='ocr_line' id='line_1_3' title="bbox 1065 1643 2202 1712; baseline 0.001 -4"><span class='ocrx_word' id='word_1_10' title='bbox 1065 1643 1230 1710; x_wconf 85' lang='grc' dir='ltr'><strong><em>ΤΟΥ</em></strong></span> <span class='ocrx_word' id='word_1_11' title='bbox 1274 1643 1665 1710; x_wconf 87' lang='grc' dir='ltr'><strong>ΑΓΚΥΡΑΣ</strong></span> <span class='ocrx_word' id='word_1_12' title='bbox 1709 1644 2202 1712; x_wconf 86' lang='grc' dir='ltr'><strong>ΕΙΠΣΚΟΠΟΥ</strong></span> 
     </span>
     <span class='ocr_line' id='line_1_4' title="bbox 1443 1795 1810 1886; baseline 0 -20"><span class='ocrx_word' id='word_1_13' title='bbox 1443 1804 1665 1886; x_wconf 88' lang='grc' dir='ltr'><strong><em>Λογος</em></strong></span> <span class='ocrx_word' id='word_1_14' title='bbox 1711 1795 1810 1867; x_wconf 84' lang='lat' dir='ltr'><strong><em>A&#39;.</em></strong></span> 
     </span>
    </p>
   </div>
   <div class='ocr_carea' id='block_1_4' title="bbox 247 1948 2451 2025">
    <p class='ocr_par' dir='ltr' id='par_1_4' title="bbox 247 1948 2451 2025">
     <span class='ocr_line' id='line_1_5' title="bbox 247 1948 2451 2025; baseline -0.006 -8"><span class='ocrx_word' id='word_1_15' title='bbox 247 1965 284 2017; x_wconf 86' lang='lat'>5</span> <span class='ocrx_word' id='word_1_16' title='bbox 810 1950 894 2020; x_wconf 82' lang='grc' dir='ltr'><strong><em>(α’</em></strong></span> <span class='ocrx_word' id='word_1_17' title='bbox 937 1951 1126 2008; x_wconf 79' lang='grc' dir='ltr'><strong><em>πόθεν</em></strong></span> <span class='ocrx_word' id='word_1_18' title='bbox 1160 1948 1502 2023; x_wconf 80' lang='grc' dir='ltr'><em>ὁρμώμενος</em></span> <span class='ocrx_word' id='word_1_19' title='bbox 1546 1949 1580 2007; x_wconf 81' lang='grc' dir='ltr'><strong><em>ὀ</em></strong></span> <span class='ocrx_word' id='word_1_20' title='bbox 1625 1951 1969 2025; x_wconf 79' lang='grc' dir='ltr'><strong><em>Μάρκελλος</em></strong></span> <span class='ocrx_word' id='word_1_21' title='bbox 2012 1953 2171 2008; x_wconf 81' lang='grc' dir='ltr'><strong><em>τουτὶ</em></strong></span> <span class='ocrx_word' id='word_1_22' title='bbox 2204 1949 2273 2006; x_wconf 81' lang='grc' dir='ltr'><strong><em>τὸ</em></strong></span> <span class='ocrx_word' id='word_1_23' title='bbox 2326 1949 2451 2021; x_wconf 78' lang='grc' dir='ltr'><strong><em>σι’·γ-</em></strong></span> 
     </span>
    </p>
   </div>
   <div class='ocr_carea' id='block_1_5' title="bbox 838 2034 2449 2361">
    <p class='ocr_par' dir='ltr' id='par_1_5' title="bbox 838 2034 2449 2361">
     <span class='ocr_line' id='line_1_6' title="bbox 934 2034 1484 2109; baseline -0.002 -1"><span class='ocrx_word' id='word_1_24' title='bbox 934 2057 1175 2109; x_wconf 70' lang='grc' dir='ltr'><strong><em>γραμμα</em></strong></span> <span class='ocrx_word' id='word_1_25' title='bbox 1213 2034 1484 2108; x_wconf 69' lang='grc' dir='ltr'><strong><em>ἔγραψεν·</em></strong></span> 
     </span>
     <span class='ocr_line' id='line_1_7' title="bbox 840 2116 2127 2196; baseline 0.001 -19"><span class='ocrx_word' id='word_1_26' title='bbox 840 2116 893 2196; x_wconf 81' lang='grc' dir='ltr'><strong><em>β’</em></strong></span> <span class='ocrx_word' id='word_1_27' title='bbox 933 2117 1022 2178; x_wconf 69' lang='grc' dir='ltr'><strong><em>ὅτι</em></strong></span> <span class='ocrx_word' id='word_1_28' title='bbox 1057 2119 1186 2178; x_wconf 76' lang='grc' dir='ltr'><strong><em>οὐδὲ</em></strong></span> <span class='ocrx_word' id='word_1_29' title='bbox 1219 2120 1321 2187; x_wconf 82' lang='grc' dir='ltr'><strong><em>τὰς</em></strong></span> <span class='ocrx_word' id='word_1_30' title='bbox 1357 2122 1520 2188; x_wconf 83' lang='grc' dir='ltr'><strong><em>θείας</em></strong></span> <span class='ocrx_word' id='word_1_31' title='bbox 1555 2119 1852 2196; x_wconf 79' lang='grc' dir='ltr'><strong><em>ἐξηκρίβου</em></strong></span> <span class='ocrx_word' id='word_1_32' title='bbox 1887 2121 2127 2195; x_wconf 82' lang='grc' dir='ltr'><strong><em>γραφάς.</em></strong></span> 
     </span>
     <span class='ocr_line' id='line_1_8' title="bbox 839 2196 2447 2278; baseline -0.002 -16"><span class='ocrx_word' id='word_1_33' title='bbox 839 2202 892 2276; x_wconf 85' lang='grc' dir='ltr'><strong><em>γ’</em></strong></span> <span class='ocrx_word' id='word_1_34' title='bbox 928 2206 1281 2278; x_wconf 74' lang='grc' dir='ltr'><strong><em>Μαρκέλλου</em></strong></span> <span class='ocrx_word' id='word_1_35' title='bbox 1315 2209 1450 2276; x_wconf 82' lang='grc' dir='ltr'><strong><em>περὶ</em></strong></span> <span class='ocrx_word' id='word_1_36' title='bbox 1485 2213 1601 2262; x_wconf 80' lang='grc' dir='ltr'><strong><em>τῶν</em></strong></span> <span class='ocrx_word' id='word_1_37' title='bbox 1643 2196 2063 2278; x_wconf 55' lang='grc' dir='ltr'><strong><em>παρ’(Έλλησιν</em></strong></span> <span class='ocrx_word' id='word_1_38' title='bbox 2104 2212 2447 2277; x_wconf 83' lang='grc' dir='ltr'><strong><em>παροιμιῶν.</em></strong></span> 
     </span>
     <span class='ocr_line' id='line_1_9' title="bbox 838 2286 2449 2361; baseline -0.001 -15"><span class='ocrx_word' id='word_1_39' title='bbox 838 2286 884 2346; x_wconf 79' lang='grc' dir='ltr'><strong><em>δ’</em></strong></span> <span class='ocrx_word' id='word_1_40' title='bbox 921 2287 1009 2347; x_wconf 75' lang='grc' dir='ltr'><strong><em>ὅτι</em></strong></span> <span class='ocrx_word' id='word_1_41' title='bbox 1051 2293 1151 2360; x_wconf 87' lang='grc' dir='ltr'><strong><em>τήν</em></strong></span> <span class='ocrx_word' id='word_1_42' title='bbox 1194 2309 1256 2346; x_wconf 88' lang='grc' dir='ltr'><strong><em>τε</em></strong></span> <span class='ocrx_word' id='word_1_43' title='bbox 1292 2287 1753 2361; x_wconf 78' lang='grc' dir='ltr'><strong><em>ἐκκλησιαστικὴν</em></strong></span> <span class='ocrx_word' id='word_1_44' title='bbox 1787 2293 2152 2348; x_wconf 79' lang='grc' dir='ltr'><strong><em>διδασκαλίαν</em></strong></span> <span class='ocrx_word' id='word_1_45' title='bbox 2183 2292 2281 2346; x_wconf 76' lang='grc' dir='ltr'><strong><em>καὶ</em></strong></span> <span class='ocrx_word' id='word_1_46' title='bbox 2314 2290 2449 2354; x_wconf 85' lang='grc' dir='ltr'><strong><em>τοὺς</em></strong></span> 
     </span>
    </p>
   </div>
   <div class='ocr_carea' id='block_1_6' title="bbox 211 2374 1849 2449">
    <p class='ocr_par' dir='ltr' id='par_1_6' title="bbox 211 2374 1849 2449">
     <span class='ocr_line' id='line_1_10' title="bbox 211 2374 1849 2449; baseline -0.002 -14"><span class='ocrx_word' id='word_1_47' title='bbox 211 2383 282 2435; x_wconf 89' lang='grc'><strong><em>10</em></strong></span> <span class='ocrx_word' id='word_1_48' title='bbox 906 2381 1276 2446; x_wconf 74' lang='grc' dir='ltr'><strong><em>προεστῶτας</em></strong></span> <span class='ocrx_word' id='word_1_49' title='bbox 1309 2374 1482 2444; x_wconf 80' lang='grc' dir='ltr'><strong><em>αὐτῆς</em></strong></span> <span class='ocrx_word' id='word_1_50' title='bbox 1517 2374 1849 2449; x_wconf 77' lang='grc' dir='ltr'><strong><em>διέβαλλεν.)</em></strong></span> 
     </span>
    </p>
   </div>
   <div class='ocr_carea' id='block_1_7' title="bbox 203 2501 3301 3823">
    <p class='ocr_par' dir='ltr' id='par_1_7' title="bbox 203 2501 3301 3794">
     <span class='ocr_line' id='line_1_11' title="bbox 484 2501 3301 2618; baseline -0.003 -37"><span class='ocrx_word' id='word_1_51' title='bbox 484 2513 526 2581; x_wconf 92' lang='grc'>1</span> <span class='ocrx_word' id='word_1_52' title='bbox 549 2503 628 2576; x_wconf 89' lang='lat' dir='ltr'><strong><em>‘H</em></strong></span> <span class='ocrx_word' id='word_1_53' title='bbox 654 2505 982 2589; x_wconf 72' lang='grc' dir='ltr'><strong><em>ὑπόθεσις</em></strong></span> <span class='ocrx_word' id='word_1_54' title='bbox 1020 2501 1211 2596; x_wconf 80' lang='grc' dir='ltr'><strong><em>αύτῷ</em></strong></span> <span class='ocrx_word' id='word_1_55' title='bbox 1243 2513 1362 2596; x_wconf 92' lang='grc' dir='ltr'><strong><em>τῆς</em></strong></span> <span class='ocrx_word' id='word_1_56' title='bbox 1394 2513 1658 2597; x_wconf 83' lang='grc' dir='ltr'><strong><em>γραφῆς</em></strong></span> <span class='ocrx_word' id='word_1_57' title='bbox 1685 2513 2087 2596; x_wconf 80' lang='grc' dir='ltr'><strong><em>μισαδελφία</em></strong></span> <span class='ocrx_word' id='word_1_58' title='bbox 2116 2513 2430 2595; x_wconf 82' lang='grc' dir='ltr'><strong><em>κατέστη,</em></strong></span> <span class='ocrx_word' id='word_1_59' title='bbox 2464 2505 2545 2577; x_wconf 85' lang='grc' dir='ltr'><strong><em>τὸ</em></strong></span> <span class='ocrx_word' id='word_1_60' title='bbox 2577 2511 2649 2576; x_wconf 82' lang='grc' dir='ltr'><strong><em>δὲ</em></strong></span> <span class='ocrx_word' id='word_1_61' title='bbox 2680 2504 2931 2596; x_wconf 82' lang='grc' dir='ltr'><strong><em>ταύτης</em></strong></span> <span class='ocrx_word' id='word_1_62' title='bbox 2970 2529 3179 2596; x_wconf 63' lang='lat' dir='ltr'><strong><em>:rto-‘ms</em></strong></span> <span class='ocrx_word' id='word_1_63' title='bbox 3208 2549 3301 2618; x_wconf 78' lang='lat'><strong><em>⁰0·</em></strong></span> 
     </span>
     <span class='ocr_line' id='line_1_12' title="bbox 315 2595 3301 2722; baseline 0.001 -44"><span class='ocrx_word' id='word_1_64' title='bbox 315 2613 540 2680; x_wconf 83' lang='grc' dir='ltr'><strong><em>αἴτιον</em></strong></span> <span class='ocrx_word' id='word_1_65' title='bbox 585 2613 786 2697; x_wconf 80' lang='grc' dir='ltr'><strong><em>ζῆλος</em></strong></span> <span class='ocrx_word' id='word_1_66' title='bbox 827 2614 940 2677; x_wconf 87' lang='grc' dir='ltr'><strong><em>καὶ</em></strong></span> <span class='ocrx_word' id='word_1_67' title='bbox 985 2603 1274 2693; x_wconf 84' lang='grc' dir='ltr'><strong><em>φθόνος,</em></strong></span> <span class='ocrx_word' id='word_1_68' title='bbox 1319 2603 1362 2676; x_wconf 81' lang='grc' dir='ltr'><strong><em>ἀ</em></strong></span> <span class='ocrx_word' id='word_1_69' title='bbox 1406 2605 1488 2695; x_wconf 83' lang='grc' dir='ltr'><strong><em>δὴ</em></strong></span> <span class='ocrx_word' id='word_1_70' title='bbox 1529 2613 1640 2678; x_wconf 85' lang='grc' dir='ltr'><strong><em>καὶ</em></strong></span> <span class='ocrx_word' id='word_1_71' title='bbox 1683 2607 1935 2690; x_wconf 80' lang='grc' dir='ltr'><strong><em>ἄλλους</em></strong></span> <span class='ocrx_word' id='word_1_72' title='bbox 1963 2615 2241 2696; x_wconf 78' lang='grc' dir='ltr'><strong><em>μυρίους</em></strong></span> <span class='ocrx_word' id='word_1_73' title='bbox 2271 2609 2363 2688; x_wconf 83' lang='grc' dir='ltr'><strong><em>εἷς</em></strong></span> <span class='ocrx_word' id='word_1_74' title='bbox 2406 2613 2642 2678; x_wconf 78' lang='grc' dir='ltr'><strong><em>κακῶν</em></strong></span> <span class='ocrx_word' id='word_1_75' title='bbox 2686 2609 2929 2695; x_wconf 81' lang='grc' dir='ltr'><strong><em>ἔσχατα</em></strong></span> <span class='ocrx_word' id='word_1_76' title='bbox 2962 2595 3301 2722; x_wconf 53' lang='grc' dir='ltr'><strong><em>Ᾰῗᾶμξζῗξοο</em></strong></span> 
     </span>
     <span class='ocr_line' id='line_1_13' title="bbox 312 2685 3298 2835; baseline 0 -58"><span class='ocrx_word' id='word_1_77' title='bbox 312 2704 866 2799; x_wconf 81' lang='grc' dir='ltr'><strong><em>κατεκρήμνισεν·</em></strong></span> <span class='ocrx_word' id='word_1_78' title='bbox 929 2711 1130 2796; x_wconf 76' lang='grc' dir='ltr'><strong><em>ζῆλος</em></strong></span> <span class='ocrx_word' id='word_1_79' title='bbox 1184 2713 1350 2796; x_wconf 90' lang='grc' dir='ltr'><strong><em>γοῦν</em></strong></span> <span class='ocrx_word' id='word_1_80' title='bbox 1401 2715 1512 2777; x_wconf 87' lang='grc' dir='ltr'><strong><em>καὶ</em></strong></span> <span class='ocrx_word' id='word_1_81' title='bbox 1557 2705 1826 2795; x_wconf 87' lang='grc' dir='ltr'><strong><em>φθόνος</em></strong></span> <span class='ocrx_word' id='word_1_82' title='bbox 1872 2702 2171 2835; x_wconf 83' lang='grc' dir='ltr'><strong><em>ἀρχῆθεν</em></strong></span> <span class='ocrx_word' id='word_1_83' title='bbox 2215 2701 2760 2793; x_wconf 82' lang='grc' dir='ltr'><strong><em>ἀδελφοκτονίαν</em></strong></span> <span class='ocrx_word' id='word_1_84' title='bbox 2805 2715 2928 2794; x_wconf 76' lang='grc' dir='ltr'><strong><em>είρ</em></strong></span> <span class='ocrx_word' id='word_1_85' title='bbox 3000 2685 3151 2788; x_wconf 55' lang='lat' dir='ltr'><strong><em>tofa</em></strong></span> <span class='ocrx_word' id='word_1_86' title='bbox 3187 2686 3298 2788; x_wconf 65' lang='grc' dir='ltr'><strong><em>τὀς</em></strong></span> 
     </span>
     <span class='ocr_line' id='line_1_14' title="bbox 313 2802 3296 2897; baseline 0.001 -20"><span class='ocrx_word' id='word_1_87' title='bbox 313 2806 632 2897; x_wconf 86' lang='grc' dir='ltr'><strong><em>γάσαντο.</em></strong></span> <span class='ocrx_word' id='word_1_88' title='bbox 719 2810 921 2879; x_wconf 83' lang='grc' dir='ltr'><strong><em>ἔνθεν</em></strong></span> <span class='ocrx_word' id='word_1_89' title='bbox 976 2802 1297 2897; x_wconf 79' lang='grc' dir='ltr'><strong><em>ὁρμηθεὶς</em></strong></span> <span class='ocrx_word' id='word_1_90' title='bbox 1349 2802 1388 2878; x_wconf 84' lang='lat'><em>6</em></span> <span class='ocrx_word' id='word_1_91' title='bbox 1445 2805 1642 2897; x_wconf 84' lang='grc' dir='ltr'><strong><em>ἀνήρ,</em></strong></span> <span class='ocrx_word' id='word_1_92' title='bbox 1705 2811 1778 2879; x_wconf 76' lang='grc' dir='ltr'><strong><em>ἓν</em></strong></span> <span class='ocrx_word' id='word_1_93' title='bbox 1836 2815 2031 2878; x_wconf 91' lang='grc' dir='ltr'><strong><em>τουτὶ</em></strong></span> <span class='ocrx_word' id='word_1_94' title='bbox 2085 2804 2347 2896; x_wconf 80' lang='grc' dir='ltr'><strong><em>γράψας</em></strong></span> <span class='ocrx_word' id='word_1_95' title='bbox 2400 2813 2510 2877; x_wconf 86' lang='grc' dir='ltr'><strong><em>καὶ</em></strong></span> <span class='ocrx_word' id='word_1_96' title='bbox 2563 2803 2781 2895; x_wconf 85' lang='grc' dir='ltr'><strong><em>μόνον</em></strong></span> <span class='ocrx_word' id='word_1_97' title='bbox 2833 2805 2983 2891; x_wconf 76' lang='grc' dir='ltr'><strong><em>οὖς</em></strong></span> <span class='ocrx_word' id='word_1_98' title='bbox 2952 2817 3296 2882; x_wconf 42' lang='lat' dir='ltr'><strong><em>oywyypaugaea</em></strong></span> 
     </span>
     <span class='ocr_line' id='line_1_15' title="bbox 207 2886 3261 2997; baseline -0.002 -13"><span class='ocrx_word' id='word_1_99' title='bbox 207 2932 278 2984; x_wconf 84' lang='lat'><strong><em>15</em></strong></span> <span class='ocrx_word' id='word_1_100' title='bbox 313 2904 568 2997; x_wconf 83' lang='grc' dir='ltr'><strong><em>μήποτ’</em></strong></span> <span class='ocrx_word' id='word_1_101' title='bbox 624 2904 892 2995; x_wconf 83' lang='grc' dir='ltr'><strong><em>ὤφελεν</em></strong></span> <span class='ocrx_word' id='word_1_102' title='bbox 946 2905 1362 2997; x_wconf 87' lang='grc' dir='ltr'><strong><em>σύγγραμμα,</em></strong></span> <span class='ocrx_word' id='word_1_103' title='bbox 1423 2904 1629 2990; x_wconf 73' lang='grc' dir='ltr'><strong><em>εὐθὺς</em></strong></span> <span class='ocrx_word' id='word_1_104' title='bbox 1685 2902 2053 2996; x_wconf 78' lang='grc' dir='ltr'><strong><em>ἀρχόμενος</em></strong></span> <span class='ocrx_word' id='word_1_105' title='bbox 2098 2902 2214 2993; x_wconf 81' lang='grc' dir='ltr'><strong><em>ἀφ’</em></strong></span> <span class='ocrx_word' id='word_1_106' title='bbox 2261 2907 2481 2989; x_wconf 76' lang='grc' dir='ltr'><strong><em>ἑστίας</em></strong></span> <span class='ocrx_word' id='word_1_107' title='bbox 2527 2924 2671 2989; x_wconf 81' lang='grc' dir='ltr'><strong><em>τοῖς</em></strong></span> <span class='ocrx_word' id='word_1_108' title='bbox 2716 2902 2928 2997; x_wconf 81' lang='grc' dir='ltr'><strong><em>ἇγὶοις</em></strong></span> <span class='ocrx_word' id='word_1_109' title='bbox 2965 2865 3261 2939; x_wconf 39' lang='lat' dir='ltr'><strong><em>§mam-²⁸</em></strong></span> 
     </span>
     <span class='ocr_line' id='line_1_16' title="bbox 315 3000 2929 3096; baseline -0.001 -17"><span class='ocrx_word' id='word_1_110' title='bbox 315 3014 445 3079; x_wconf 90' lang='grc' dir='ltr'><strong><em>τοῦ</em></strong></span> <span class='ocrx_word' id='word_1_111' title='bbox 499 3013 668 3079; x_wconf 87' lang='grc' dir='ltr'><strong><em>θεοῦ</em></strong></span> <span class='ocrx_word' id='word_1_112' title='bbox 723 3018 1144 3095; x_wconf 84' lang='grc' dir='ltr'><strong><em>λειτουργοῖς</em></strong></span> <span class='ocrx_word' id='word_1_113' title='bbox 1195 3018 1516 3095; x_wconf 78' lang='grc' dir='ltr'><strong><em>πολεμεῖν</em></strong></span> <span class='ocrx_word' id='word_1_114' title='bbox 1569 3000 1952 3094; x_wconf 77' lang='grc' dir='ltr'><strong><em>προῦθετο,</em></strong></span> <span class='ocrx_word' id='word_1_115' title='bbox 2015 3003 2349 3096; x_wconf 78' lang='grc' dir='ltr'><strong><em>ἀφέμενος</em></strong></span> <span class='ocrx_word' id='word_1_116' title='bbox 2411 3012 2538 3077; x_wconf 90' lang='grc' dir='ltr'><strong><em>τοῦ</em></strong></span> <span class='ocrx_word' id='word_1_117' title='bbox 2592 3012 2810 3096; x_wconf 82' lang='grc' dir='ltr'><strong><em>λέγειν</em></strong></span> <span class='ocrx_word' id='word_1_118' title='bbox 2854 3036 2929 3077; x_wconf 88' lang='grc' dir='ltr'><strong><em>τε</em></strong></span> 
     </span>
     <span class='ocr_line' id='line_1_17' title="bbox 311 3102 2927 3196; baseline 0 -19"><span class='ocrx_word' id='word_1_119' title='bbox 311 3114 424 3177; x_wconf 89' lang='grc' dir='ltr'><strong><em>καὶ</em></strong></span> <span class='ocrx_word' id='word_1_120' title='bbox 486 3104 773 3196; x_wconf 80' lang='grc' dir='ltr'><strong><em>γράφειν</em></strong></span> <span class='ocrx_word' id='word_1_121' title='bbox 826 3104 1000 3195; x_wconf 87' lang='grc' dir='ltr'><strong><em>πρὸς</em></strong></span> <span class='ocrx_word' id='word_1_122' title='bbox 1054 3104 1135 3177; x_wconf 87' lang='grc' dir='ltr'><strong><em>τὸ</em></strong></span> <span class='ocrx_word' id='word_1_123' title='bbox 1188 3112 1352 3194; x_wconf 90' lang='grc' dir='ltr'><strong><em>με’γα</em></strong></span> <span class='ocrx_word' id='word_1_124' title='bbox 1405 3114 1514 3177; x_wconf 84' lang='grc' dir='ltr'><strong><em>καὶ</em></strong></span> <span class='ocrx_word' id='word_1_125' title='bbox 1558 3106 1737 3179; x_wconf 77' lang='grc' dir='ltr'><strong><em>πολὺ</em></strong></span> <span class='ocrx_word' id='word_1_126' title='bbox 1780 3126 2022 3193; x_wconf 84' lang='grc' dir='ltr'><strong><em>στῖφος</em></strong></span> <span class='ocrx_word' id='word_1_127' title='bbox 2066 3112 2213 3177; x_wconf 81' lang='grc' dir='ltr'><strong><em>τῶν</em></strong></span> <span class='ocrx_word' id='word_1_128' title='bbox 2259 3106 2387 3195; x_wconf 88' lang='grc' dir='ltr'><strong><em>τὴν</em></strong></span> <span class='ocrx_word' id='word_1_129' title='bbox 2442 3102 2653 3177; x_wconf 75' lang='grc' dir='ltr'><strong><em>αὐτοῦ</em></strong></span> <span class='ocrx_word' id='word_1_130' title='bbox 2692 3106 2927 3193; x_wconf 79' lang='grc' dir='ltr'><strong><em>χώραν</em></strong></span> 
     </span>
     <span class='ocr_line' id='line_1_18' title="bbox 312 3199 2927 3296; baseline -0.001 -19"><span class='ocrx_word' id='word_1_131' title='bbox 312 3212 826 3296; x_wconf 80' lang='grc' dir='ltr'><strong><em>λυμαινομένων</em></strong></span> <span class='ocrx_word' id='word_1_132' title='bbox 856 3209 1296 3293; x_wconf 78' lang='grc' dir='ltr'><strong><em>αἱρεσιωτῶν,</em></strong></span> <span class='ocrx_word' id='word_1_133' title='bbox 1344 3199 1380 3275; x_wconf 77' lang='grc' dir='ltr'>ὃ</span> <span class='ocrx_word' id='word_1_134' title='bbox 1413 3204 1494 3295; x_wconf 83' lang='grc' dir='ltr'><strong><em>δὴ</em></strong></span> <span class='ocrx_word' id='word_1_135' title='bbox 1524 3213 1634 3277; x_wconf 88' lang='grc' dir='ltr'><strong><em>καὶ</em></strong></span> <span class='ocrx_word' id='word_1_136' title='bbox 1664 3204 1955 3295; x_wconf 81' lang='grc' dir='ltr'><strong><em>μάλιστα</em></strong></span> <span class='ocrx_word' id='word_1_137' title='bbox 1982 3203 2315 3295; x_wconf 80' lang='grc' dir='ltr'><strong><em>πράττειν</em></strong></span> <span class='ocrx_word' id='word_1_138' title='bbox 2344 3211 2547 3295; x_wconf 81' lang='grc' dir='ltr'><strong><em>ἐχρῆν</em></strong></span> <span class='ocrx_word' id='word_1_139' title='bbox 2586 3209 2792 3295; x_wconf 88' lang='grc' dir='ltr'><strong><em>(είπερ</em></strong></span> <span class='ocrx_word' id='word_1_140' title='bbox 2824 3236 2927 3289; x_wconf 88' lang='grc' dir='ltr'><strong><em>τις</em></strong></span> 
     </span>
     <span class='ocr_line' id='line_1_19' title="bbox 313 3301 2924 3395; baseline 0 -18"><span class='ocrx_word' id='word_1_141' title='bbox 313 3302 502 3394; x_wconf 81' lang='grc' dir='ltr'><strong><em>αύτῷ</em></strong></span> <span class='ocrx_word' id='word_1_142' title='bbox 549 3310 778 3395; x_wconf 85' lang='grc' dir='ltr'><strong><em>παρῆν</em></strong></span> <span class='ocrx_word' id='word_1_143' title='bbox 820 3312 1162 3395; x_wconf 83' lang='grc' dir='ltr'><strong><em>σωτηρίου</em></strong></span> <span class='ocrx_word' id='word_1_144' title='bbox 1206 3301 1414 3393; x_wconf 90' lang='grc' dir='ltr'><strong><em>λόγου</em></strong></span> <span class='ocrx_word' id='word_1_145' title='bbox 1458 3302 1756 3393; x_wconf 82' lang='grc' dir='ltr'><strong><em>δύναμις)</em></strong></span> <span class='ocrx_word' id='word_1_146' title='bbox 1801 3310 2130 3393; x_wconf 81' lang='grc' dir='ltr'><strong><em>ποιμένος</em></strong></span> <span class='ocrx_word' id='word_1_147' title='bbox 2173 3302 2441 3393; x_wconf 88' lang='grc' dir='ltr'><strong><em>ἀγαθοῦ</em></strong></span> <span class='ocrx_word' id='word_1_148' title='bbox 2471 3310 2665 3393; x_wconf 82' lang='grc' dir='ltr'><strong><em>δίκην</em></strong></span> <span class='ocrx_word' id='word_1_149' title='bbox 2698 3304 2924 3394; x_wconf 85' lang='grc' dir='ltr'><strong><em>ω’σπερ</em></strong></span> 
     </span>
     <span class='ocr_line' id='line_1_20' title="bbox 203 3403 2927 3497; baseline 0.001 -25"><span class='ocrx_word' id='word_1_150' title='bbox 203 3418 278 3472; x_wconf 83' lang='grc'><strong><em>20</em></strong></span> <span class='ocrx_word' id='word_1_151' title='bbox 313 3406 507 3487; x_wconf 83' lang='grc' dir='ltr'><strong><em>τινὰς</em></strong></span> <span class='ocrx_word' id='word_1_152' title='bbox 563 3403 810 3488; x_wconf 81' lang='grc' dir='ltr'><strong><em>λύκους</em></strong></span> <span class='ocrx_word' id='word_1_153' title='bbox 858 3412 972 3475; x_wconf 84' lang='grc' dir='ltr'><strong><em>καὶ</em></strong></span> <span class='ocrx_word' id='word_1_154' title='bbox 1025 3411 1244 3493; x_wconf 90' lang='grc' dir='ltr'><strong><em>θῆρας</em></strong></span> <span class='ocrx_word' id='word_1_155' title='bbox 1297 3404 1458 3487; x_wconf 81' lang='grc' dir='ltr'><strong><em>τοὺς</em></strong></span> <span class='ocrx_word' id='word_1_156' title='bbox 1509 3404 1796 3497; x_wconf 78' lang='grc' dir='ltr'><strong><em>ἐχθρρῦς</em></strong></span> <span class='ocrx_word' id='word_1_157' title='bbox 1850 3411 1971 3496; x_wconf 87' lang='grc' dir='ltr'><strong><em>τῆς</em></strong></span> <span class='ocrx_word' id='word_1_158' title='bbox 2025 3410 2373 3493; x_wconf 83' lang='grc' dir='ltr'><strong><em>ἐκκλησίας</em></strong></span> <span class='ocrx_word' id='word_1_159' title='bbox 2419 3411 2543 3475; x_wconf 90' lang='grc' dir='ltr'><strong><em>τοῦ</em></strong></span> <span class='ocrx_word' id='word_1_160' title='bbox 2588 3411 2755 3476; x_wconf 86' lang='grc' dir='ltr'><strong><em>θεοῦ</em></strong></span> <span class='ocrx_word' id='word_1_161' title='bbox 2800 3412 2927 3476; x_wconf 91' lang='grc' dir='ltr'><strong><em>τοῦ</em></strong></span> 
     </span>
     <span class='ocr_line' id='line_1_21' title="bbox 315 3500 3095 3593; baseline 0.001 -18"><span class='ocrx_word' id='word_1_162' title='bbox 315 3511 655 3576; x_wconf 81' lang='grc' dir='ltr'><strong><em>Γαλατῶν</em></strong></span> <span class='ocrx_word' id='word_1_163' title='bbox 686 3508 931 3587; x_wconf 73' lang='grc' dir='ltr'><strong><em>ἔθνους</em></strong></span> <span class='ocrx_word' id='word_1_164' title='bbox 973 3500 1464 3575; x_wconf 84' lang='grc' dir='ltr'><strong><em>ἀπελαύνοντα.</em></strong></span> <span class='ocrx_word' id='word_1_165' title='bbox 1535 3500 1572 3575; x_wconf 92' lang='lat'><em>6</em></span> <span class='ocrx_word' id='word_1_166' title='bbox 1604 3500 1669 3575; x_wconf 81' lang='grc' dir='ltr'><strong><em>δ’</em></strong></span> <span class='ocrx_word' id='word_1_167' title='bbox 1722 3503 1950 3592; x_wconf 84' lang='grc' dir='ltr'><strong><em>ω’σπερ</em></strong></span> <span class='ocrx_word' id='word_1_168' title='bbox 1995 3504 2148 3575; x_wconf 85' lang='grc' dir='ltr'><strong><em>τινὰ</em></strong></span> <span class='ocrx_word' id='word_1_169' title='bbox 2192 3510 2437 3593; x_wconf 84' lang='grc' dir='ltr'><strong><em>χέρσον</em></strong></span> <span class='ocrx_word' id='word_1_170' title='bbox 2482 3504 2660 3593; x_wconf 71' lang='grc' dir='ltr'><strong><em>ἓρπυ</em></strong></span> <span class='ocrx_word' id='word_1_171' title='bbox 2669 3512 2990 3576; x_wconf 82' lang='grc' dir='ltr'><strong><em>στικῶν..</em></strong></span> <span class='ocrx_word' id='word_1_172' title='bbox 2960 3524 2993 3558; x_wconf 70' lang='lat'><strong><em>‘³</em></strong></span> <span class='ocrx_word' id='word_1_173' title='bbox 3022 3524 3029 3591; x_wconf 79' lang='grc' dir='ltr'>Ι</span> <span class='ocrx_word' id='word_1_174' title='bbox 3060 3524 3095 3579; x_wconf 77' lang='lat'>2</span> 
     </span>
     <span class='ocr_line' id='line_1_22' title="bbox 312 3599 2923 3695; baseline -0 -20"><span class='ocrx_word' id='word_1_175' title='bbox 312 3599 614 3689; x_wconf 80' lang='grc' dir='ltr'><strong><em>ἰοβόλων</em></strong></span> <span class='ocrx_word' id='word_1_176' title='bbox 659 3608 928 3694; x_wconf 82' lang='grc' dir='ltr'><strong><em>ἔμπλεω</em></strong></span> <span class='ocrx_word' id='word_1_177' title='bbox 974 3602 1286 3693; x_wconf 79' lang='grc' dir='ltr'><strong><em>παριδων</em></strong></span> <span class='ocrx_word' id='word_1_178' title='bbox 1331 3604 1460 3693; x_wconf 86' lang='grc' dir='ltr'><strong><em>τὴν</em></strong></span> <span class='ocrx_word' id='word_1_179' title='bbox 1505 3600 1716 3675; x_wconf 76' lang='grc' dir='ltr'><strong><em>αὐτοῦ</em></strong></span> <span class='ocrx_word' id='word_1_180' title='bbox 1757 3632 2005 3695; x_wconf 90' lang='grc' dir='ltr'><strong><em>χωραν,</em></strong></span> <span class='ocrx_word' id='word_1_181' title='bbox 2052 3624 2197 3687; x_wconf 79' lang='grc' dir='ltr'><strong><em>τοῖς</em></strong></span> <span class='ocrx_word' id='word_1_182' title='bbox 2242 3610 2367 3675; x_wconf 92' lang='grc' dir='ltr'><strong><em>τοῦ</em></strong></span> <span class='ocrx_word' id='word_1_183' title='bbox 2407 3609 2579 3676; x_wconf 87' lang='grc' dir='ltr'><strong><em>θεοῦ</em></strong></span> <span class='ocrx_word' id='word_1_184' title='bbox 2625 3616 2923 3692; x_wconf 86' lang='grc' dir='ltr'><strong><em>λειτουρ-</em></strong></span> 
     </span>
     <span class='ocr_line' id='line_1_23' title="bbox 311 3700 2925 3823; baseline 0 -49"><span class='ocrx_word' id='word_1_185' title='bbox 311 3723 482 3793; x_wconf 81' lang='grc' dir='ltr'><strong><em>γοῖς,</em></strong></span> <span class='ocrx_word' id='word_1_186' title='bbox 531 3709 671 3794; x_wconf 88' lang='grc' dir='ltr'><strong><em>εἰκῆ</em></strong></span> <span class='ocrx_word' id='word_1_187' title='bbox 714 3712 826 3774; x_wconf 87' lang='grc' dir='ltr'><strong><em>καὶ</em></strong></span> <span class='ocrx_word' id='word_1_188' title='bbox 867 3701 1092 3823; x_wconf 81' lang='grc' dir='ltr'><strong><em>μάτην</em></strong></span> <span class='ocrx_word' id='word_1_189' title='bbox 1143 3700 1495 3789; x_wconf 80' lang='grc' dir='ltr'><strong><em>ἀναζέσας,</em></strong></span> <span class='ocrx_word' id='word_1_190' title='bbox 1551 3708 1857 3793; x_wconf 78' lang='grc' dir='ltr'><strong><em>ἐπαφῆκε</em></strong></span> <span class='ocrx_word' id='word_1_191' title='bbox 1905 3704 2031 3775; x_wconf 87' lang='grc' dir='ltr'><strong><em>τὸν</em></strong></span> <span class='ocrx_word' id='word_1_192' title='bbox 2076 3701 2317 3792; x_wconf 87' lang='grc' dir='ltr'><strong><em>θυμόν.</em></strong></span> <span class='ocrx_word' id='word_1_193' title='bbox 2369 3710 2480 3775; x_wconf 87' lang='grc' dir='ltr'><strong><em>καὶ</em></strong></span> <span class='ocrx_word' id='word_1_194' title='bbox 2525 3702 2799 3786; x_wconf 88' lang='grc' dir='ltr'><strong><em>τούτοις</em></strong></span> <span class='ocrx_word' id='word_1_195' title='bbox 2845 3700 2925 3774; x_wconf 82' lang='grc' dir='ltr'><strong><em>οῦ</em></strong></span> 
     </span>
    </p>
   </div>
   <div class='ocr_carea' id='block_1_8' title="bbox 310 3797 2923 3895">
    <p class='ocr_par' dir='ltr' id='par_1_8' title="bbox 310 3797 2923 3895">
     <span class='ocr_line' id='line_1_24' title="bbox 310 3797 2923 3895; baseline 0.001 -22"><span class='ocrx_word' id='word_1_196' title='bbox 310 3823 460 3887; x_wconf 81' lang='grc' dir='ltr'><strong><em>τοῖς</em></strong></span> <span class='ocrx_word' id='word_1_197' title='bbox 503 3811 838 3892; x_wconf 90' lang='grc' dir='ltr'><strong><em>τυχοῦσιν,</em></strong></span> <span class='ocrx_word' id='word_1_198' title='bbox 885 3797 1056 3874; x_wconf 84' lang='grc' dir='ltr'><strong><em>ἀλλὰ</em></strong></span> <span class='ocrx_word' id='word_1_199' title='bbox 1103 3821 1246 3884; x_wconf 82' lang='grc' dir='ltr'><strong><em>τοῖς</em></strong></span> <span class='ocrx_word' id='word_1_200' title='bbox 1288 3810 1400 3875; x_wconf 86' lang='grc' dir='ltr'><strong><em>καὶ</em></strong></span> <span class='ocrx_word' id='word_1_201' title='bbox 1442 3800 1628 3874; x_wconf 84' lang='grc' dir='ltr'><strong><em>πάνυ</em></strong></span> <span class='ocrx_word' id='word_1_202' title='bbox 1671 3810 1840 3875; x_wconf 88' lang='grc' dir='ltr'><strong><em>θεοῦ</em></strong></span> <span class='ocrx_word' id='word_1_203' title='bbox 1880 3801 2106 3894; x_wconf 80' lang='grc' dir='ltr'><strong><em>χάριτι</em></strong></span> <span class='ocrx_word' id='word_1_204' title='bbox 2144 3813 2267 3893; x_wconf 86' lang='grc' dir='ltr'><strong><em>βίῳ</em></strong></span> <span class='ocrx_word' id='word_1_205' title='bbox 2315 3832 2387 3873; x_wconf 89' lang='grc' dir='ltr'><strong><em>τε</em></strong></span> <span class='ocrx_word' id='word_1_206' title='bbox 2416 3810 2527 3873; x_wconf 86' lang='grc' dir='ltr'><strong><em>καὶ</em></strong></span> <span class='ocrx_word' id='word_1_207' title='bbox 2560 3800 2923 3895; x_wconf 84' lang='grc' dir='ltr'><strong><em>φιλοσόφῳ</em></strong></span> 
     </span>
    </p>
   </div>
   <div class='ocr_carea' id='block_1_9' title="bbox 304 3989 2922 4365">
    <p class='ocr_par' dir='ltr' id='par_1_9' title="bbox 304 3989 2922 4365">
     <span class='ocr_line' id='line_1_25' title="bbox 481 3989 2922 4061; baseline 0.001 -18"><span class='ocrx_word' id='word_1_208' title='bbox 481 3990 546 4045; x_wconf 90' lang='grc'><strong><em>11</em></strong></span> <span class='ocrx_word' id='word_1_209' title='bbox 585 3990 696 4060; x_wconf 81' lang='lat' dir='ltr'><strong>vgl.</strong></span> <span class='ocrx_word' id='word_1_210' title='bbox 732 3990 783 4045; x_wconf 89' lang='lat' dir='ltr'><strong><em>S.</em></strong></span> <span class='ocrx_word' id='word_1_211' title='bbox 819 3990 990 4056; x_wconf 78' lang='lat' dir='ltr'>28‚1f</span> <span class='ocrx_word' id='word_1_212' title='bbox 1021 4019 1085 4029; x_wconf 91' lang='lat'>—</span> <span class='ocrx_word' id='word_1_213' title='bbox 1125 3990 1202 4045; x_wconf 77' lang='lat'><strong><em>18</em></strong></span> <span class='ocrx_word' id='word_1_214' title='bbox 1239 3990 1373 4044; x_wconf 85' lang='lat' dir='ltr'><strong>Gen.</strong></span> <span class='ocrx_word' id='word_1_215' title='bbox 1410 3990 1999 4057; x_wconf 76' lang='lat' dir='ltr'><strong>4‚4—1010m.4,7ff</strong></span> <span class='ocrx_word' id='word_1_216' title='bbox 2033 4020 2100 4029; x_wconf 92' lang='lat'>—</span> <span class='ocrx_word' id='word_1_217' title='bbox 2156 3990 2233 4045; x_wconf 79' lang='lat'><strong><em>14</em></strong></span> <span class='ocrx_word' id='word_1_218' title='bbox 2272 3991 2383 4061; x_wconf 84' lang='lat' dir='ltr'>vgl.</span> <span class='ocrx_word' id='word_1_219' title='bbox 2420 3990 2470 4044; x_wconf 91' lang='lat' dir='ltr'><strong><em>S.</em></strong></span> <span class='ocrx_word' id='word_1_220' title='bbox 2508 3992 2643 4058; x_wconf 82' lang='lat'><strong>2,10</strong></span> <span class='ocrx_word' id='word_1_221' title='bbox 2678 4010 2730 4048; x_wconf 88' lang='lat' dir='ltr'><strong><em>u.</em></strong></span> <span class='ocrx_word' id='word_1_222' title='bbox 2754 3989 2922 4046; x_wconf 82' lang='lat' dir='ltr'>Euse-</span> 
     </span>
     <span class='ocr_line' id='line_1_26' title="bbox 306 4090 2921 4162; baseline 0.001 -18"><span class='ocrx_word' id='word_1_223' title='bbox 306 4091 450 4145; x_wconf 80' lang='lat' dir='ltr'><strong>bius’</strong></span> <span class='ocrx_word' id='word_1_224' title='bbox 484 4090 642 4146; x_wconf 76' lang='lat' dir='ltr'><strong>Brief</strong></span> <span class='ocrx_word' id='word_1_225' title='bbox 688 4108 760 4146; x_wconf 77' lang='lat' dir='ltr'><strong><em>an</em></strong></span> <span class='ocrx_word' id='word_1_226' title='bbox 803 4090 1064 4145; x_wconf 76' lang='lat' dir='ltr'><strong>Flaoillus</strong></span> <span class='ocrx_word' id='word_1_227' title='bbox 1107 4090 1240 4159; x_wconf 82' lang='lat' dir='ltr'><strong>(vgl.</strong></span> <span class='ocrx_word' id='word_1_228' title='bbox 1275 4093 1468 4157; x_wconf 72' lang='lat' dir='ltr'><strong>unten)</strong></span> <span class='ocrx_word' id='word_1_229' title='bbox 1522 4122 1586 4129; x_wconf 96' lang='lat'><strong>—</strong></span> <span class='ocrx_word' id='word_1_230' title='bbox 1645 4092 1869 4147; x_wconf 79' lang='lat'>17-21</span> <span class='ocrx_word' id='word_1_231' title='bbox 1919 4093 2029 4162; x_wconf 82' lang='lat' dir='ltr'><strong>vgl.</strong></span> <span class='ocrx_word' id='word_1_232' title='bbox 2068 4092 2429 4159; x_wconf 77' lang='lat' dir='ltr'><strong>Hieronymus</strong></span> <span class='ocrx_word' id='word_1_233' title='bbox 2474 4110 2668 4147; x_wconf 81' lang='lat' dir='ltr'><strong>comm.</strong></span> <span class='ocrx_word' id='word_1_234' title='bbox 2706 4093 2763 4146; x_wconf 88' lang='lat' dir='ltr'><strong><em>in</em></strong></span> <span class='ocrx_word' id='word_1_235' title='bbox 2800 4092 2921 4146; x_wconf 77' lang='lat' dir='ltr'><strong>Gal.</strong></span> 
     </span>
     <span class='ocr_line' id='line_1_27' title="bbox 306 4192 2922 4264; baseline 0 -17"><span class='ocrx_word' id='word_1_236' title='bbox 306 4192 480 4263; x_wconf 83' lang='lat' dir='ltr'><strong>praef.</strong></span> <span class='ocrx_word' id='word_1_237' title='bbox 514 4192 551 4246; x_wconf 93' lang='lat'><strong><em>1.</em></strong></span> <span class='ocrx_word' id='word_1_238' title='bbox 589 4194 664 4247; x_wconf 92' lang='lat' dir='ltr'><strong><em>II:</em></strong></span> <span class='ocrx_word' id='word_1_239' title='bbox 721 4193 824 4247; x_wconf 72' lang='lat' dir='ltr'><strong>seit</strong></span> <span class='ocrx_word' id='word_1_240' title='bbox 871 4208 1087 4247; x_wconf 81' lang='lat' dir='ltr'><strong>mecum</strong></span> <span class='ocrx_word' id='word_1_241' title='bbox 1141 4192 1235 4261; x_wconf 92' lang='lat' dir='ltr'><strong><em>qui</em></strong></span> <span class='ocrx_word' id='word_1_242' title='bbox 1277 4192 1420 4246; x_wconf 80' lang='lat' dir='ltr'><strong>uidit</strong></span> <span class='ocrx_word' id='word_1_243' title='bbox 1453 4196 1730 4261; x_wconf 77' lang='lat' dir='ltr'><strong>Aneyram</strong></span> <span class='ocrx_word' id='word_1_244' title='bbox 1767 4194 2115 4264; x_wconf 76' lang='lat' dir='ltr'><strong>metropolim</strong></span> <span class='ocrx_word' id='word_1_245' title='bbox 2154 4192 2406 4247; x_wconf 72' lang='lat' dir='ltr'><strong>Galatiae</strong></span> <span class='ocrx_word' id='word_1_246' title='bbox 2444 4193 2739 4257; x_wconf 70' lang='lat' dir='ltr'><strong>ciuitatem,</strong></span> <span class='ocrx_word' id='word_1_247' title='bbox 2786 4196 2922 4262; x_wconf 77' lang='lat' dir='ltr'><strong>quot</strong></span> 
     </span>
     <span class='ocr_line' id='line_1_28' title="bbox 304 4292 2853 4365; baseline 0 -19"><span class='ocrx_word' id='word_1_248' title='bbox 304 4310 458 4347; x_wconf 84' lang='lat' dir='ltr'><strong>nuno</strong></span> <span class='ocrx_word' id='word_1_249' title='bbox 489 4310 662 4363; x_wconf 82' lang='lat' dir='ltr'>usque</span> <span class='ocrx_word' id='word_1_250' title='bbox 696 4293 1080 4348; x_wconf 78' lang='lat' dir='ltr'><strong>schismatibus</strong></span> <span class='ocrx_word' id='word_1_251' title='bbox 1115 4292 1417 4349; x_wconf 72' lang='lat' dir='ltr'><strong>dilacerata</strong></span> <span class='ocrx_word' id='word_1_252' title='bbox 1452 4295 1538 4361; x_wconf 77' lang='lat' dir='ltr'><strong><em>sit,</em></strong></span> <span class='ocrx_word' id='word_1_253' title='bbox 1575 4299 1712 4364; x_wconf 75' lang='lat' dir='ltr'><strong>quot</strong></span> <span class='ocrx_word' id='word_1_254' title='bbox 1745 4295 2069 4365; x_wconf 79' lang='lat' dir='ltr'><strong>dogmatum</strong></span> <span class='ocrx_word' id='word_1_255' title='bbox 2104 4295 2463 4349; x_wconf 74' lang='lat' dir='ltr'><strong>uarietatibus</strong></span> <span class='ocrx_word' id='word_1_256' title='bbox 2499 4296 2853 4363; x_wconf 76' lang='lat' dir='ltr'><strong>constuprata</strong></span> 
     </span>
    </p>
   </div>
   <div class='ocr_carea' id='block_1_10' title="bbox 304 4442 2917 4616">
    <p class='ocr_par' dir='ltr' id='par_1_10' title="bbox 304 4442 2917 4616">
     <span class='ocr_line' id='line_1_29' title="bbox 477 4442 2917 4513; baseline 0 -15"><span class='ocrx_word' id='word_1_257' title='bbox 477 4444 588 4498; x_wconf 63' lang='grc' dir='ltr'><strong><em>ὄπ</em></strong></span> <span class='ocrx_word' id='word_1_258' title='bbox 616 4443 706 4499; x_wconf 80' lang='lat' dir='ltr'><strong><em>dio</em></strong></span> <span class='ocrx_word' id='word_1_259' title='bbox 739 4443 972 4513; x_wconf 78' lang='lat' dir='ltr'><strong>Angabo</strong></span> <span class='ocrx_word' id='word_1_260' title='bbox 1008 4442 1146 4498; x_wconf 80' lang='lat' dir='ltr'>aller</span> <span class='ocrx_word' id='word_1_261' title='bbox 1189 4444 1306 4498; x_wconf 82' lang='lat' dir='ltr'><strong>vier</strong></span> <span class='ocrx_word' id='word_1_262' title='bbox 1347 4442 1636 4513; x_wconf 83' lang='grc' dir='ltr'><strong><em>κεφάλαια</em></strong></span> <span class='ocrx_word' id='word_1_263' title='bbox 1684 4444 1826 4499; x_wconf 83' lang='lat' dir='ltr'>fehlt</span> <span class='ocrx_word' id='word_1_264' title='bbox 1860 4445 1981 4499; x_wconf 83' lang='lat' dir='ltr'><strong>hier</strong></span> <span class='ocrx_word' id='word_1_265' title='bbox 2014 4445 2071 4499; x_wconf 89' lang='lat' dir='ltr'><strong><em>in</em></strong></span> <span class='ocrx_word' id='word_1_266' title='bbox 2107 4444 2182 4510; x_wconf 89' lang='lat' dir='ltr'><strong><em>V,</em></strong></span> <span class='ocrx_word' id='word_1_267' title='bbox 2238 4444 2381 4498; x_wconf 85' lang='lat' dir='ltr'><strong>doch</strong></span> <span class='ocrx_word' id='word_1_268' title='bbox 2432 4444 2617 4499; x_wconf 84' lang='lat' dir='ltr'><strong>finden</strong></span> <span class='ocrx_word' id='word_1_269' title='bbox 2662 4444 2777 4499; x_wconf 81' lang='lat' dir='ltr'><strong>sich</strong></span> <span class='ocrx_word' id='word_1_270' title='bbox 2830 4444 2917 4499; x_wconf 82' lang='lat' dir='ltr'><strong><em>die</em></strong></span> 
     </span>
     <span class='ocr_line' id='line_1_30' title="bbox 304 4544 2917 4616; baseline 0.001 -19"><span class='ocrx_word' id='word_1_271' title='bbox 304 4544 516 4599; x_wconf 72' lang='lat' dir='ltr'>letzten</span> <span class='ocrx_word' id='word_1_272' title='bbox 551 4544 668 4599; x_wconf 85' lang='lat' dir='ltr'><strong>drei</strong></span> <span class='ocrx_word' id='word_1_273' title='bbox 703 4544 916 4599; x_wconf 81' lang='lat' dir='ltr'><strong>einzeln</strong></span> <span class='ocrx_word' id='word_1_274' title='bbox 941 4562 988 4599; x_wconf 76' lang='lat' dir='ltr'><strong><em>a.</em></strong></span> <span class='ocrx_word' id='word_1_275' title='bbox 1007 4546 1070 4599; x_wconf 84' lang='lat' dir='ltr'><strong><em>R..</em></strong></span> <span class='ocrx_word' id='word_1_276' title='bbox 1100 4545 1191 4600; x_wconf 78' lang='lat' dir='ltr'><strong><em>bei</em></strong></span> <span class='ocrx_word' id='word_1_277' title='bbox 1223 4545 1330 4599; x_wconf 82' lang='lat' dir='ltr'><strong><em>den</em></strong></span> <span class='ocrx_word' id='word_1_278' title='bbox 1365 4545 1834 4616; x_wconf 81' lang='lat' dir='ltr'><strong>entspreohenden</strong></span> <span class='ocrx_word' id='word_1_279' title='bbox 1870 4547 2119 4616; x_wconf 65' lang='lat' dir='ltr'><strong>Capitoln</strong></span> <span class='ocrx_word' id='word_1_280' title='bbox 2151 4548 2159 4615; x_wconf 90' lang='grc' dir='ltr'>Ι</span> <span class='ocrx_word' id='word_1_281' title='bbox 2196 4546 2335 4601; x_wconf 72' lang='grc' dir='ltr'><strong>111ῐ</strong></span> <span class='ocrx_word' id='word_1_282' title='bbox 2362 4545 2417 4599; x_wconf 81' lang='grc' dir='ltr'><strong><em>Β.</em></strong></span> <span class='ocrx_word' id='word_1_283' title='bbox 2440 4544 2531 4599; x_wconf 77' lang='lat' dir='ltr'><strong><em>dio</em></strong></span> <span class='ocrx_word' id='word_1_284' title='bbox 2554 4545 2787 4615; x_wconf 81' lang='lat' dir='ltr'>Angabe</span> <span class='ocrx_word' id='word_1_285' title='bbox 2823 4546 2917 4599; x_wconf 84' lang='lat' dir='ltr'><strong><em>des</em></strong></span> 
     </span>
    </p>
   </div>
   <div class='ocr_carea' id='block_1_11' title="bbox 297 4644 2443 4784">
    <p class='ocr_par' dir='ltr' id='par_1_11' title="bbox 297 4644 2443 4784">
     <span class='ocr_line' id='line_1_31' title="bbox 297 4644 698 4717; baseline -0.005 -16"><span class='ocrx_word' id='word_1_286' title='bbox 297 4644 624 4714; x_wconf 87' lang='grc' dir='ltr'><strong><em>κεφάλαιον</em></strong></span> <span class='ocrx_word' id='word_1_287' title='bbox 659 4664 698 4717; x_wconf 89' lang='lat' dir='ltr'>g</span> 
     </span>
     <span class='ocr_line' id='line_1_32' title="bbox 413 4731 2443 4784; baseline 0.005 -10"><span class='ocrx_word' id='word_1_288' title='bbox 413 4731 656 4776; x_wconf 71' lang='lat' dir='ltr'><strong>Eusebius</strong></span> <span class='ocrx_word' id='word_1_289' title='bbox 681 4732 762 4777; x_wconf 84' lang='lat' dir='ltr'><strong><em>IV.</em></strong></span> <span class='ocrx_word' id='word_1_290' title='bbox 2415 4734 2443 4784; x_wconf 89' lang='lat'>1</span> 
     </span>
    </p>
   </div>
  </div>
 </body>
</html>
