3694 5582
711 486 832 548 206
1886 480 2155 535 Eusebius

709 653 834 712 πῶς
869 644 980 718 γὰρ
1019 644 1052 703 ό
1087 648 1284 719 κύριος
1319 652 1614 719 γεννηθεὶς
1647 652 1746 704 καὶ
1781 649 1946 713 θεός,
1982 643 2063 713 ὥς
2108 646 2278 713 αὐτὸς
2322 645 2633 719 προλαβὼν
2686 644 2818 718 ἔφη,
2872 645 3102 702 δύναται
3154 644 3326 702 εὺεὼν

709 737 855 789 θεοῦ
906 728 1075 797 εἷναις
1130 728 1330 805 ἕτερον
1381 732 1492 803 γὰρ
1545 731 1718 789 εἰκὼν
1761 737 1931 797 θεοῦ,
1982 735 2081 787 καὶ
2124 728 2325 803 ἕτερον
2368 732 2521 797 θεός.
2589 725 2737 788 ὥστε
2784 730 2839 787 εἰ
2868 730 2975 801 μὲν
3011 728 3207 797 εἰκών,
3260 730 3329 786 οὐ

709 816 908 889 κύριος
959 816 1088 873 οὐδὲ
1137 817 1300 882 θεός,
1355 813 1478 873 ἀλλ’
1522 815 1693 875 εἰκὼν
1735 818 1933 889 κυρίου
1974 820 2073 873 καὶ
2108 821 2275 873 θεοῦ·
2336 815 2390 872 εἰ
2436 815 2497 872 δὲ
2546 815 2742 887 κύριος
2794 812 2974 882 ὄντως
3022 818 3123 871 καὶ
3172 815 3326 880 θεός,

713 899 898 957 οὐκέτι
934 900 966 957 ὁ
1002 900 1196 974 κύριος
1229 904 1329 957 καὶ
1362 903 1502 968 θεὸς
1535 899 1708 959 εἰκὼν
1741 902 1945 972 κυρίου
1977 904 2077 958 καὶ
2110 906 2254 959 θεοῦ
2288 896 2435 958 εἶναι
2470 901 2719 957 δύναται.

642 1086 677 1141 5
881 1085 974 1141 Nr.
1012 1086 1078 1140 97
1115 1086 1214 1155 (Re
1249 1087 1335 1153 86)
1391 1083 1554 1141 οὐδὲν
1609 1078 1708 1141 οὖν
1754 1085 1929 1142 αὐτὸν
1966 1078 2049 1142 ὧν
2084 1094 2357 1158 προεῖπεν
2402 1080 2547 1143 εἶναι
2580 1086 2873 1158 βούλεται·
2932 1086 3163 1141 πάντων
3212 1082 3327 1155 γὰρ

711 1168 930 1225 τούτων
965 1168 1160 1225 εἰκόνα
1197 1168 1371 1225 αὐτὸν
1408 1164 1555 1226 εἶναι
1590 1169 1756 1240 λέγει.
1817 1169 2025 1227 οὐκοῦν
2062 1170 2117 1228 εἰ
2147 1169 2342 1236 οὐσίας
2378 1168 2532 1227 ἐστὶν
2567 1168 2756 1239 εἰκών,
2794 1168 2981 1227 οὐκέτι
3022 1167 3329 1226 αύτοουσία

713 1252 944 1309 δύναται
979 1248 1150 1310 εἶναι·
1201 1256 1300 1310 καὶ
1335 1252 1391 1311 εἰ
1421 1259 1628 1326 βουλῆς
1663 1252 1814 1312 ἐστιν
1850 1253 2039 1320 εἰκών,
2076 1254 2261 1312 οὐκέτι
2296 1256 2611 1328 αύτοβουλὴ
2651 1250 2797 1312 εἶναι
2830 1254 3087 1311 δύναται·
3138 1256 3237 1309 καὶ
3278 1252 3333 1309 εἰ

713 1337 1004 1408 δυνάμεως
1039 1336 1234 1405 εἰκών,
1289 1337 1476 1396 οὐκέτι
1510 1338 1765 1409 δύναμις·
1819 1343 1920 1396 καὶ
1970 1338 2026 1397 εἰ
2056 1341 2221 1409 δόξης
2254 1338 2451 1409 εἰκὼν,
2489 1338 2675 1397 οὐκέτι
2708 1340 2863 1407 δόξα.
2934 1340 2967 1409 ἦ
3006 1338 3117 1410 γὰρ
3155 1336 3327 1396 εἰκὼν

716 1421 818 1493 οὐχ
855 1418 1055 1491 ἑαυτῆς
1089 1418 1211 1479 ἀλλ’
1245 1418 1442 1495 ἑτέρου
1476 1425 1629 1489 τινὸς
1665 1420 1835 1481 εἰκών
1872 1422 2038 1481 ἐστιν.

614 1614 683 1669 10
885 1608 975 1664 Nr.
1014 1610 1081 1663 98
1115 1608 1214 1672 (Re
1248 1608 1336 1676 87)
1384 1605 1506 1663 ἰδού
1549 1604 1662 1679 γὰρ
1706 1608 1772 1664 τὸ
1808 1609 1955 1667 κατὰ
1994 1602 2269 1682 Ἀστέριον
2303 1610 2453 1680 ἡμᾶς
2492 1608 2559 1665 οὐ
2592 1611 3092 1669 τοσοῦτονλυπεῖ,
3129 1606 3183 1662 εἰ
3214 1626 3329 1662 τοι·

717 1699 862 1748 αὕτα
897 1694 1160 1764 προήχθη
1197 1690 1462 1765 γράφειν,
1519 1686 1646 1748 ἀλλ’
1681 1688 1769 1749 ὅτι
1801 1696 1903 1749 καί
1935 1713 2081 1759 τινες
2114 1700 2231 1750 τῶν
2266 1693 2613 1765 προεστάναι
2648 1692 2969 1748 δοκούντων
3004 1698 3103 1760 τῆς
3137 1690 3331 1759 ἐκκλη-

718 1778 856 1843 σίας,
893 1782 991 1843 τῆς
1024 1776 1130 1844 μὲν
1165 1772 1546 1845 άποστολικῆς
1581 1772 1993 1847 ἐπιλαθόμενοι
2037 1778 2432 1846 παραδόσεως,
2484 1778 2556 1834 τὰ
2609 1776 2668 1833 δὲ
2720 1770 2935 1843 ἔξωθεν
2990 1784 3104 1833 τῶν
3156 1778 3333 1833 θείων

715 1861 1164 1930 προτιμήσαντες
1197 1860 1428 1917 τοιαῖτά
1475 1881 1598 1917 τινα
1645 1860 1869 1934 γράψαι
1912 1882 1973 1919 τε
2010 1864 2108 1918 καὶ
2143 1860 2358 1929 διδάξαι
2395 1858 2740 1931 ἐτόλμησαν,
2796 1856 2832 1917 ἃ
2890 1859 3053 1918 οὐδὲν
3090 1855 3331 1916 ἔλαττον

717 1950 814 2012 τῆς
846 1951 960 1999 τῶν
997 1944 1426 2019 προειρημένων
1461 1940 1650 2017 ἔχεται
1685 1946 1914 2015 πλάνης.

616 2126 682 2178 15
885 2126 977 2183 Nr.
1015 2130 1082 2185 99
1117 2129 1214 2196 (Re
1247 2132 1332 2195 88)
1385 2128 1515 2186 δέον
1567 2128 1838 2187 τάναντία
1892 2128 2036 2200 μετὰ
2091 2128 2349 2203 δακρύων
2400 2149 2462 2187 τε
2514 2131 2613 2185 καὶ
2664 2127 2911 2195 πένθους
2958 2126 3102 2201 πρὸς
3134 2127 3333 2201 κύριον

715 2216 863 2283 βοᾶν
905 2211 1280 2283 ἡμάρτομεν,
1318 2214 1691 2287 ἠσεβήσαμεν,
1729 2216 2153 2284 ἦνομήσαμενα,
2196 2218 2295 2271 καὶ
2329 2214 2396 2270 τὸ
2434 2215 2687 2287 πονηρὸν
2725 2210 2971 2270 ἐνώπιόν
3006 2230 3109 2268 σου
3145 2210 3331 2281 ἐποιή·

719 2314 914 2365 σαμεν,
951 2300 1048 2353 καὶ
1083 2307 1182 2354 νῦν
1217 2301 1601 2369 μεταγνόντες
1635 2306 1734 2368 τῆς
1767 2298 1926 2370 παρά
1965 2317 2067 2355 σου
2102 2307 2291 2369 τυχεῖν
2336 2296 2603 2368 ἀξιοῦμεν
2650 2298 3099 2371 φιλανθρωπίας.
3168 2292 3335 2352 ταῦθ’

717 2378 999 2451 ἥρμοττεν
1053 2380 1231 2453 αὐτῷ,
1285 2394 1460 2441 ταῦτα
1515 2380 1822 2455 συνέφερεν
1868 2382 2055 2454 λέγειν
2099 2382 2187 2439 διὰ
2240 2386 2343 2453 τὴν
2378 2378 2631 2455 ἄμετρον
2664 2392 2765 2439 τοῦ
2796 2388 2941 2440 θεοῦ
2976 2382 3333 2452 χρηστότητα

715 2467 814 2520 καὶ
850 2469 1302 2537 φιλανθρωπίαν.
1371 2471 1558 2524 καίτοι
1595 2466 1921 2525 ἀκόλουθον
1958 2465 2025 2537 ἣν
2060 2467 2161 2523 τὸν
2196 2466 2341 2535 μετὰ
2378 2468 2812 2538 φιλανθρωπίας
2844 2469 2943 2522 καὶ
2976 2464 3335 2535 δικαιοσύνης

613 2550 684 2603 20
719 2545 1165 2620 ἐπιμελούμενον
1200 2553 1341 2609 θεὸν
1379 2550 1662 2609 ἀντειπεῖν
1697 2553 1938 2623 λέγοντα
1978 2550 2063 2609 »εἰ
2096 2548 2304 2624 ἐχθρὸς
2338 2548 2629 2609 ὠνείδισέν
2664 2570 2752 2620 με,
2790 2546 3076 2621 ὑπήνεγκα
3114 2545 3201 2617 ἄν,
3236 2553 3337 2605 καὶ

719 2632 774 2689 εἰ
807 2632 838 2687 ὁ
874 2642 1057 2701 μισῶν
1091 2655 1164 2705 με
1203 2630 1293 2691 ἐπ’
1326 2634 1428 2704 ἐμὲ
1463 2634 2054 2709 ἐμεγαλορημόνησεν,
2091 2632 2331 2709 ἐκρύθην
2358 2631 2430 2691 ἂν
2466 2630 2567 2693 ἀπ’
2598 2630 2786 2693 αὐτοῦ.
2848 2634 2916 2691 σύ
2948 2633 3023 2701 δέ,
3060 2629 3333 2705 ἄνθρωπε

721 2716 982 2789 ἰσόψυχε,
1029 2716 1259 2790 ἡγεμών
1303 2740 1416 2789 μου
1449 2724 1548 2777 καὶ
1583 2720 1806 2793 γνωστά
1843 2736 1980 2789 μου·
2043 2717 2107 2785 ὃς
2141 2717 2236 2775 ἐπὶ
2270 2720 2337 2775 τὸ
2374 2714 2515 2777 αὐτὸ
2550 2717 2863 2789 ἐγλύκανάς
2896 2738 2997 2787 μοι
3031 2716 3331 2786 ἐδέσματα,

719 2800 780 2859 ἐν
814 2810 893 2871 τῷ
931 2801 1068 2877 οὕτω
1105 2815 1206 2860 τοῦ
1242 2810 1383 2861 θεοῦ
1417 2803 1810 2878 ἐπορεύθημεν
1846 2801 1909 2860 ἐν
1944 2803 2237 2880 ὁμονοίᾳα.
2300 2801 2386 2862 ὅτι
2410 2805 2521 2879 γὰρ
2559 2804 2813 2861 σύνεστιν
2844 2804 2979 2874 ἡμῖν
3012 2811 3133 2869 τοῖς
3156 2797 3334 2859 αὐτοῦ

717 2891 1067 2958 λειτουργοῖς
1121 2885 1283 2957 ἴσμεν
1329 2887 1445 2945 ἀπὸ
1481 2896 1577 2957 τῆς
1613 2882 1784 2946 αὐτοῦ
1819 2889 2060 2960 ρήσεως,
2120 2889 2299 2944 »moin
2356 2889 2467 2962 γὰρ
2526 2885 2761 2959 »ἔσομαι
2794 2882 2931 2957 μεθ’
2980 2882 3167 2955 ὑμῶνα
3226 2882 3335 2956 ἔφη

615 2973 683 3027 25
726 2972 942 3038 »πάσας
975 2971 1077 3038 τὰς
1111 2971 1354 3044 ὴμέραςα
1393 2981 1494 3042 τῆς
1529 2977 1674 3042 ζωῆς
1707 2970 1869 3043 ὑμῶν
1909 2969 2047 3038 »ἕως
2079 2980 2179 3040 τῆς
2212 2976 2532 3039 συντελείας
2574 2981 2676 3028 τοῦ
2712 2971 2970 3038 αἰῶνοςε.
3042 2965 3164 3027 εἶτα
3200 2968 3333 3027 &xo-

721 3055 945 3121 λ’·οιθως
979 3055 1208 3123 πάντως
1243 3076 1354 3113 που
1387 3061 1485 3113 καὶ
1519 3056 1588 3114 τὰ
1626 3054 1879 3126 ἑπόμενα
1914 3063 2035 3122 τοῖς
2070 3057 2421 3160 προάγουσιν
2457 3056 2741 3128 ἐπήγαγεν
2778 3053 2850 3113 ἂν
2874 3054 3035 3128 ῥητά,
3086 3052 3334 3111 »ἐλθέτω

719 3140 974 3206 θάνατος
1007 3135 1096 3197 ἐπ
1131 3135 1351 3206 αύτούς,
1387 3144 1486 3197 καὶ
1519 3144 1932 3214 καταβήτωσαν
1970 3141 2051 3206 εἰς
2086 3135 2225 3218 δίδου
2262 3145 2492 3210 ζῶντες·
2540 3139 2628 3198 ὅτι
2664 3144 2909 3211 πονηρία
2945 3138 3007 3197 ἐν
3042 3147 3164 3204 ταῖς
3199 3159 3337 3236 καρ·

719 3227 861 3290 δίαις
895 3221 1136 3282 αύτῶνα.
1207 3226 1338 3291 τοὺς
1385 3225 1494 3296 γὰρ
1541 3224 1601 3282 ἐν
1648 3223 1853 3301 ἀγνοίᾳ
1906 3233 2005 3295 τῆς
2058 3224 2322 3298 ἀσεβείας
2374 3223 2543 3292 ὄντας
2594 3225 2831 3299 νεκροὺς
2882 3221 2994 3280 ὑπὸ
3044 3232 3147 3279 τοῦ
3199 3213 3340 3278 ‘a'cfov

719 3310 1138 3366 καταπίνεσθαί
1173 3328 1340 3381 φησιν
1377 3311 1409 3380 ἡ
1447 3313 1662 3382 γραφή·
1721 3313 1919 3385 νεκροὶ
1954 3309 2089 3382 γάρ,
2124 3313 2224 3367 καὶ
2262 3314 2361 3380 ζῆν
2396 3315 2713 3376 δοκοῦντες,
2750 3306 3062 3380 ἐτύγχανον
3099 3305 3220 3377 (ὄνζῑ
3217 3327 3338 3374 τες.

615 3493 686 3547 30
737 3568 754 3577 ·
887 3495 978 3550 Nr.
1023 3496 1122 3549 100
1157 3495 1256 3560 (Re
1290 3495 1376 3561 89)
1413 3489 1726 3564 ἄνθρωπον
1762 3491 1875 3564 γὰρ
1911 3493 2013 3549 τὸν
2052 3499 2278 3566 σωτῆρα
2324 3489 2473 3552 εἶναι
2524 3492 2854 3567 βούλονται·
2913 3496 3082 3560 δῆλον
3120 3487 3193 3546 ’δὲ
3240 3486 3344 3562 ἀφ’

721 3581 804 3632 ὡν
857 3575 1195 3650 πανούργως
1247 3579 1316 3634 τὰ
1368 3588 1470 3635 τοῦ
1523 3576 1846 3634 ἀποστόλου
1900 3575 2043 3648 ῥητὰ
2099 3572 2373 3651 Εὐσέβιος
2426 3579 2572 3650 πρὸς
2621 3579 2690 3635 τὸ
2742 3573 2947 3634 ἑαυτοῦ
2997 3577 3342 3647 μετήνεγκεν

717 3659 994 3732 βούλημα.
1065 3657 1146 3727 ὼς
1181 3660 1291 3732 γὰρ
1328 3659 1392 3718 ἐκ
1435 3666 1684 3728 παλαιᾶς
1725 3681 1880 3728 τινος
1922 3657 2127 3729 ὠδῖνος
2160 3666 2432 3764 μεγίστην
2469 3660 2788 3730 ἀποκυῆσαι
2822 3661 3175 3734 βουλόμενος
3206 3664 3343 3732 βλα·

892 3847 1060 3900 5-9
1094 3847 1333 3899 Aeacius
1358 3845 1574 3913 beiEpi
1567 3847 1980 3914 pleaniushaer.
2012 3847 2089 3912 72,
2112 3847 2157 3900 6.
2180 3847 2329 3916 9(ed.
2351 3847 2568 3900 Dindor
2640 3846 2738 3912 vql.
2770 3845 2949 3910 72,10
2978 3875 3045 3885 -
3077 3847 3243 3900 10-
3249 3847 3344 3900 14

720 3912 808 3978 25,
846 3914 1076 3979 31-26,
1115 3915 1153 3965 3
1188 3943 1251 3951 -
1290 3863 1570 3969 15—29
1567 3865 1670 3977 1126,
1706 3915 1931 3980 31-27,
1969 3915 2039 3967 13
2070 3945 2135 3954 —·
2173 3915 2761 3984 3o-S.20,1o
2796 3887 3136 3980 2'9‚14—28

891 4047 1078 4117 6ng
1113 4048 1164 4103 S.
1203 4049 1319 4115 205,
1355 4045 3344 4116 31--16Β8ηη915Θ’9-181Ἱ“ἰί“,.,.34-2οΡ854,13-15

721 4114 903 4170 -24
941 4066 1138 4169 Matth.
1177 4118 1260 4184 28,
1297 4089 1577 4172 20-27
1619 4118 2029 4184 Ps.54,16-
2070 4119 2147 4173 82
2188 4118 2297 4188 vgl.
2334 4118 2386 4172 S.
2422 4119 2538 4182 203,
2576 4091 2641 4172 14

895 4251 926 4304 1
967 4251 1082 4320 καὶ]
1119 4258 1183 4314 -Ι-
1221 4247 1254 4304 ὁ
1292 4251 1343 4304 V
1407 4254 1414 4316 Ι
1479 4249 1730 4320 δύναται]
1749 4259 1830 4388 ¹4-
1868 4245 1950 4338 {a
1975 4257 2134 4307 Aeac.
2185 4255 2193 4318 Ι
2243 4253 2279 4307 3
2316 4251 2499 4322 θεόςῖ]
2536 4260 2600 4316 -Ι-
2638 4246 2820 4318 ὅντως
2856 4255 3015 4306 Aeac.
3066 4252 3075 4312 Ι
3125 4251 3162 4306 4
3198 4253 3346 4335 καὶῖ]

723 4325 787 4381 -Ι-
825 4315 856 4372 ὁ
895 4318 942 4369 V
1008 4321 1016 4384 Ι
1085 4319 1118 4374 5
1159 4311 1260 4373 οὖν
1297 4329 1362 4378 <
1399 4317 1498 4388 ΕΡ.
1535 4321 1615 4384 72,
1652 4321 1684 4374 9
1822 4317 2012 4375 αὐτῶν
2046 4320 2145 4390 Ep.
2186 4323 2266 4387 72,
2304 4321 2337 4374 9
2400 4323 2409 4375 Ι
2472 4328 2755 4393 προεῖπον
2791 4319 2891 4388 Ep.
2930 4321 3011 4380 72,
3036 4321 3070 4374 6
3206 4317 3345 4374 πάν-

719 4405 832 4450 τως
875 4385 973 4470 Ep.
1013 4387 1093 4450 72,
1129 4389 1162 4441 6
1245 4387 1253 4454 Ι
1337 4389 1374 4439 6
1428 4385 1490 4442 λε
1491 4407 1608 4455 γεις
1652 4321 1870 4474 ΕΡ.172,
2114 4387 2195 4443 61
2241 4361 2311 4443 οὐ
2343 4388 2585 4520 1δύναται
2629 4337 2936 4444 αὐτοουσία
2972 4359 3070 4442 Ε.
3108 4321 3189 4452 712,
3226 4389 3258 4440 6
3325 4388 3347 4472 Ι

725 4455 761 4509 8
799 4449 1020 4509 εἰκώνῐ-
1039 4457 1061 4492 ²
1097 4465 1160 4513 <
1197 4451 1296 4524 Ep.
1334 4455 1414 4517 72,
1435 4458 1468 4510 9
1607 4458 1644 4508 9
1682 4451 1855 4512 εἰκών
1889 4465 1954 4514 <
2246 4459 2278 4510 6
2420 4458 2495 4511 16
2531 4454 2618 4525 τὸ]
2653 4456 2754 4510 τὸν
2791 4454 2839 4508 V
3058 4428 3242 4523 11τὸν3·
3274 4453 3345 4509 τὸ

725 4522 774 4575 V
811 4519 878 4576 οὐ
913 4522 1004 4576 Mo
1055 4524 1062 4590 Ι
1121 4525 1332 4603 φιλανθ
1421 4457 1571 4591 πία1ς]
1610 4532 1672 4584 -Ι-
1711 4522 1852 4578 άλλά
1892 4523 1983 4576 Mo
2078 4458 2208 4578 20
2236 4519 2307 4592 εἰ]
2343 4457 2409 4586 1-Ι-
2446 4543 2478 4576 o
2515 4523 2604 4578 ab.
2644 4522 2695 4578 d.
2721 4523 2773 4576 Ζ
2811 4455 2896 4574 V²¹
2950 4456 2997 4590 ΙΙ
3024 4523 3103 4576 26
3140 4519 3349 4606 ἐπήγα·

721 4607 822 4711 ἴεν
857 4607 885 4641 r
920 4585 1209 4660 ἐπήγαγον
1237 4591 1284 4642 V
1335 4541 1502 4657 5‘028
1541 4588 1829 4662 εὐσεβείας
1862 4607 1891 4642 r
1953 4592 1961 4658 Ι
2028 4593 2107 4646 29
2144 4588 2259 4646 ἐντι
2263 4588 2584 4661 γχάνοντες
2608 4591 2673 4653 V,
2710 4607 2843 4645 corr.
2873 4589 2963 4644 Mo
3027 4591 3035 4654 Ι
3102 4591 3180 4645 80
3213 4589 3347 4662 βού-

757 4675 878 4712 Εῒαι
913 4676 966 4709 m
