3694 5582
635 431 751 494 120
1803 423 2072 480 Eusebius

633 592 706 658 ἐν
750 581 937 675 αύτῷ
983 591 1418 676 κεκτημένος·
1491 582 1743 658 ούκοῦν
1785 584 2022 675 ἕτερόν
2064 592 2135 656 τί
2176 589 2363 656 ἐστιν
2401 584 2545 668 υἱὸς
2594 583 2779 672 παρὰ
2833 580 2961 654 τὸν
3020 579 3247 672 λόγον.
3282 595 3317 649 2

633 686 761 758 τὸν
805 677 929 756 οῦν
973 684 1142 758 θεὸν
1186 691 1243 757 εἰ
1286 683 1494 774 λόγον
1539 689 1710 774 ἔχειν
1751 691 1826 757 ἐν
1880 687 2106 777 εαυτῷ
2152 682 2403 772 φάσκοι
2443 693 2559 756 καὶ
2608 681 2809 756 οὐδὲν
2860 683 3127 772 ἕτερον,
3186 673 3243 772 ᾧ

633 792 744 856 καὶ
786 790 1144 869 διενοεῖτο,
1191 776 1249 874 ᾧ
1292 791 1406 855 καὶ
1448 784 1622 874 πρὸς
1675 784 1920 857 ἑαυτὸν
1964 791 2297 874 διελέγετο
2356 781 2783 874 »ποιήσωμεν
2828 782 3246 872 ἄνθρωπον(

636 891 878 974 λέγων,
922 890 992 955 τί
1033 890 1144 954 καὶ
1185 881 1412 973 μάτην
1462 882 1612 955 υἱὸν
1644 879 1987 974 ὀνομάζω
2032 891 2098 956 τί
2138 891 2209 956 δὲ
2239 883 2369 974 τὴν
2398 887 2759 972 ἐκκλησίαν
2786 879 3255 972 ῦποκρίνεται;

567 999 600 1052 5
637 991 703 1055 τί
765 990 836 1056 δὲ
896 982 986 1074 μὴ
1047 982 1394 1054 πιστεύων
1453 990 1546 1066 εἰς
1598 983 1727 1055 τὸν
1777 982 1931 1056 υἱὸν
1985 989 2114 1057 τοῦ
2156 989 2326 1055 θεοῦ
2371 1001 2849 1073 προσποιεῖται
2890 982 3251 1068 πιστεύειν,

637 1079 1201 1174 σχηματιζόμενος
1263 1083 1372 1155 διὰ
1423 1089 1551 1156 τοῦ
1595 1081 1722 1154 τὸν
1765 1080 1976 1172 λόγον
2022 1083 2149 1156 τὸν
2200 1087 2277 1155 ἐν
2321 1091 2424 1174 τῶ
2468 1090 2615 1174 θεῷ
2668 1080 2817 1154 υἱὸν
2861 1079 3251 1166 ἀποκαλεῖν,

637 1190 874 1270 σαφῶς
917 1189 1044 1255 τοῦ
1085 1191 1625 1274 παραδείγματος
1668 1191 1905 1272 μακρῷ
1950 1179 2293 1255 διεστάναι
2324 1179 2766 1265 διδάσκοντος
2795 1181 2922 1254 τὸν
2949 1184 3253 1272 ἔμφυτον

637 1287 716 1354 ἐν,
754 1289 935 1372 ψυχῇ
980 1278 1189 1371 λόγον
1237 1293 1247 1368 Ι
1292 1283 1478 1372 παρὰ
1523 1281 1650 1354 τὸν
1691 1284 1766 1352 ἔκ
1810 1312 2001 1365 τινος
2030 1287 2455 1372 γεννηθέντα
2496 1287 2609 1355 69*
2651 1289 2764 1354 καὶ
2794 1277 2960 1352 καθ’
3006 1280 3253 1354 ἑαυτὸν
3293 1296 3406 1351 127

634 1379 1003 1468 ύφεστῶτα
1043 1389 1156 1452 καὶ
1201 1388 1432 1468 ζῶντα
1473 1390 1586 1454 καὶ
1647 1387 2054 1471 ἐνεργοῦντα
2105 1378 2287 1466 υἱόν,·
2346 1375 2499 1453 ἄλλ’
2544 1377 2669 1453 οῦκ
2712 1381 2867 1469 ἐγώ,
2914 1379 3113 1471 φήσει
3155 1378 3253 1464 οὖς
3288 1399 3321 1451 3

536 1497 604 1552 10
639 1477 834 1566 εἰκός,
881 1476 1028 1552 ἀλλ’
1075 1477 1113 1553 6
1157 1491 1347 1565 θεῖος
1391 1478 1865 1572 εύαγγελιστὴς
1907 1478 2118 1571 λόγον
2161 1477 2377 1552 αὖτὸν
2418 1497 2807 1568 προσεῖπεν·
2860 1476 3255 1554 ἀκόλουθον

639 1588 878 1652 τοίνυν
921 1579 1088 1669 εἴη
1067 1577 1154 1652 ἀν
1194 1588 1306 1652 καὶ
1351 1577 1521 1672 ἡμᾶς
1567 1582 1796 1673 τούτῳ
1843 1591 2343 1672 συνομολογεῖν.
2430 1589 2541 1654 ναί
2585 1607 2755 1669 φημι
2796 1588 2908 1652 καὶ
2952 1576 3174 1664 αῦτός.

803 1685 884 1753 17
927 1679 1114 1770 πλὴν
1158 1676 1309 1752 οὔδ’
1363 1682 1614 1770 ἑτέρως
1667 1679 2036 1773 προσήκειν
2087 1682 2273 1770 οἶμαι
2322 1678 2668 1766 ἐξακούειν
2729 1685 2853 1770 τῆς
2914 1684 3153 1768 φωνῆς
3212 1674 3259 1768 ἢ
3328 1675 3589 1766 ἑρμηνεία

640 1775 832 1869 αύτῷ
875 1775 1089 1851 πάλιν
1130 1786 1724 1870 μαθητευομένους
1767 1788 1871 1870 τῷ
1918 1777 2353 1870 εύαγγελιστῇ
2383 1775 2773 1852 διδάσκοντι
2810 1773 3058 1852 ὁποῖον
3100 1783 3259 1849 διω-
3296 1767 3441 1880 322}
3467 1744 3614 1869 ἀὶζςῖα.

639 1884 862 1984 ρίζετο
909 1875 1138 1968 λόγον.
1223 1887 1461 1967 σαφῶς
1506 1887 1577 1953 δὲ
1622 1887 1879 1954 τοῦτον
1930 1886 2223 1969 παρίστη
2277 1875 2421 1961 οἷός
2464 1909 2569 1962 τις
2613 1870 2726 1968 ἦν,
2772 1875 3260 1950 ἐπισυνάπτων
3294 1885 3462 1947 volae
3525 1889 3615 1936 τοῦ

539 1996 605 2050 15
641 1979 790 2068 ἑξῆς
831 1985 946 2050 καὶ
988 1985 1209 2067 λέγων
1257 1986 1403 2050 »καὶ
1445 1980 1610 2064 θεὸς
1657 1971 1742 2100 {v
1787 1975 1825 2052 6
1872 1977 2139 2069 λόγοςε·
2211 1975 2586 2069 δυνάμενος
2629 1985 2796 2067 γοῦν
2838 1983 3077 2050 εἰπεῖν·
3145 1985 3259 2048 καὶ
3364 1951 3550 2019 λόγου·

641 2073 680 2149 6
722 2076 888 2161 θεὸς
935 2070 1023 2168 ἦν
1065 2073 1106 2149 6
1150 2075 1372 2167 λόγος,
1415 2078 1586 2170 μετὰ
1630 2086 1754 2170 τῆς
1815 2087 1943 2152 τοῦ
2005 2079 2271 2169 ἄρθρου
2328 2075 2759 2169 προσθήκης,
2822 2083 2963 2178 εἴγε
3014 2079 3089 2148 ἓν
3144 2085 3259 2149 καὶ

641 2173 898 2250 ταῦτὸν
953 2173 1180 2267 ἡγεῖτο
1235 2176 1365 2250 τὸν
1415 2185 1679 2270 πατέρα
1734 2181 1905 2252 εἶναι
1954 2187 2069 2252 καὶ
2120 2177 2248 2252 τὸν
2290 2176 2441 2251 υἱὸν
2484 2173 2700 2250 αῦτόν
2759 2205 2837 2249 τε
2896 2179 3068 2251 εἶναι
3128 2176 3257 2248 τὸν

640 2272 853 2366 λόγον
915 2274 1044 2349 τὸν
1103 2282 1214 2349 ἐπὶ
1270 2275 1564 2351 πάντων
1623 2277 1820 2365 θεόν,
1883 2275 2007 2368 ούχ
2060 2271 2283 2362 οῦτως
2334 2282 2619 2365 ἐξέδωκε
2669 2277 2800 2368 τὴν
2842 2277 3131 2368 γραφήν.
3212 2304 3253 2399 η
3290 2291 3324 2344 2

642 2374 768 2466 γὰρ
812 2383 924 2448 καὶ
969 2383 1141 2450 θεοῦ
1183 2369 1270 2468 ἦν
1313 2374 1352 2450 6
1399 2377 1600 2468 λόγος
1643 2382 1849 2468 ἐχρῆν
1902 2385 2115 2451 εἰπεῖν
2174 2406 2215 2466 η
2270 2371 2309 2448 6
2354 2375 2519 2459 θεὸς
2563 2379 2649 2465 ἠν
2692 2371 2730 2447 6
2792 2375 3025 2465 λόγος,
3090 2375 3258 2468 μετὰ

537 2494 608 2550 20
641 2473 1042 2599 προσθήκης
1102 2483 1231 2550 τοῦ
1291 2476 1584 2567 ἄρθρου,
1647 2483 1706 2548 εἰ
1763 2485 1853 2567 τῇ
1912 2483 2320 2566 Μαρκέλλου
2371 2481 2637 2569 διανοίᾳ
2700 2473 3073 2566 σύμφωνον
3132 2475 3262 2565 τὴν

643 2573 914 2665 γραφὴν
957 2580 1272 2648 ἐποιεῖτο.
1359 2585 1510 2649 νυνὶ
1552 2581 1626 2648 δὲ
1675 2584 1787 2648 καὶ
1832 2573 2046 2650 αὐτὸν
2090 2577 2218 2650 τὸν
2261 2572 2469 2665 λόγον
2523 2575 2693 2648 θεὸν
2737 2578 2907 2647 εἶναι
2948 2583 3261 2665 παρίστη,

645 2670 902 2765 ὁμοίως
958 2683 1061 2766 τῶ
1104 2674 1278 2763 πρὸς
1323 2705 1406 2747 ον
1447 2667 1534 2766 ἦν
1586 2685 1760 2766 θεῷ·
1831 2678 2190 2765 προειπών
2249 2675 2375 2767 γὰρ
2443 2683 2589 2746 »καὶ
2634 2670 2671 2746 6
2716 2673 2920 2764 λόγος
2965 2667 3050 2765 ἦν
3090 2675 3264 2765 πρὸς

645 2773 774 2845 τὸν
817 2771 1055 2863 θεόνι,
1118 2771 1350 2865 ἐπάγει
1403 2783 1626 2867 λέγων
1674 2783 1821 2849 »καὶ
1865 2776 2030 2860 θεὸς
2072 2779 2159 2867 ἠν
2202 2770 2241 2848 6
2303 2772 2575 2865 λόγοςι,
2636 2783 3006 2897 μονονουχὶ
3066 2781 3263 2864 σαφέ-

647 2897 892 2961 στερον
936 2870 1107 2963 ἡμᾶς
1151 2871 1492 2947 διδάσκων
1533 2883 1824 2967 πρῶτον
1866 2884 1988 2967 μὲν
2030 2871 2338 2967 ἡγεῖσθαι
2379 2874 2550 2947 θεὸν
2594 2877 2745 2954 τὸν
2764 2880 3075 2949 ἐπέκεινα
3117 2882 3265 2947 τῶν

2142 2970 2674 2997 §§§§§

647 3070 861 3146 αὐτὸν
900 3073 990 3165 μὴ
1035 3069 1309 3163 ἀγνοεῖν
1349 3070 1447 3157 ῶς
1489 3083 1601 3147 καὶ
1641 3070 1682 3146 6
1711 3073 1917 3165 λόγος
1946 3034 2162 3150 άύτοῦ
2204 3070 2243 3147 6
2274 3074 2657 3177 μονογενὴς
2674 3072 2835 3159 υἱός,
2882 3072 3031 3165 οὐχὶ
3060 3072 3267 3159 αὐτὸς

647 3164 734 3264 ἦν
777 3168 818 3244 6
861 3177 973 3245 ἐπὶ
1015 3170 1305 3245 πάντων
1365 3172 1556 3259 θεός,
1617 3170 1767 3247 ἀλλ’
1832 3170 1945 3247 ὅτι
1996 3181 2107 3247 καὶ
2160 3171 2367 3257 αὐτὸς
2413 3174 2577 3258 θεὸς
2620 3176 2723 3265 ἠν.
2810 3170 2850 3247 6
2901 3176 3029 3265 γὰρ
3078 3182 3259 3247 ικαὶ(
3298 3194 3333 3249 3

647 3270 1014 3361 σύνδεσμος
1073 3280 1176 3393 τῷ
1237 3280 1448 3363 πατρὶ
1499 3272 1826 3347 συνάπτει
1879 3274 2011 3364 τὴν
2072 3272 2377 3363 θεότητα
2439 3281 2565 3347 τοῦ
2622 3278 2789 3346 υἱοῦ.
2882 3272 2986 3347 διό
3059 3297 3268 3365 φησιν

653 3378 800 3443 »καὶ
853 3372 1016 3455 θεὸς
1058 3362 1148 3462 ἦν
1189 3366 1229 3443 6
1274 3369 1546 3463 λόγοςι,
1608 3369 1694 3447 ἵν
1754 3378 2005 3463 ἴδωμεν
2066 3374 2238 3448 θεὸν
2298 3373 2427 3447 τὸν
2476 3379 2587 3446 ἐπὶ
2638 3370 2929 3446 πάντων
2970 3372 3143 3463 πρὸς
3186 3404 3270 3445 ον

543 3486 615 3543 30
649 3462 736 3560 ἦν
807 3466 847 3543 6
909 3468 1128 3561 λόγος.
1168 3512 1176 3519 -
1231 3479 1344 3544 καὶ
1408 3470 1582 3545 θεὸν
1641 3470 1855 3546 αυτὸν
1917 3474 2043 3545 τὸν
2102 3471 2314 3564 λόγον
2372 3474 2602 3559 ἄκουε,
2680 3472 2779 3557 ῶς
2848 3470 3080 3547 εἰκόνα
3145 3479 3271 3546 τοῦ

648 3576 845 3655 θεοῦ,
907 3578 1020 3643 καὶ
1079 3569 1310 3644 εἰκόνα
1371 3568 1493 3661 ούχ
1553 3602 1650 3654 ως
1710 3576 1785 3643 ἐν
1845 3568 2087 3663 ἀψύχῳ
2146 3568 2305 3661 ῦλῃ,
2364 3570 2518 3646 ἀλλ’
2581 3604 2678 3657 ως
2741 3578 2816 3645 ἐν
2874 3578 3001 3665 υἱῷ
3060 3580 3273 3661 ζῶντι

647 3677 761 3741 καὶ
805 3667 1251 3759 ἀκριβέστατα
1292 3671 1465 3759 πρὸς
1511 3672 1640 3762 τὴν
1683 3667 2068 3762 ἀρχέτυπον
2111 3670 2415 3763 θεότητα
2457 3680 2585 3745 τοῦ
2612 3672 2875 3761 πατρὸς
2900 3670 3269 3763 ἀφωμοιω-

649 3776 850 3860 μένῳ.
953 3776 1098 3843 ἐπεὶ
1158 3778 1231 3843 δὲ
1290 3778 1394 3861 τῷ
1456 3768 1889 3863 ἀνθρωπίνῳ
1950 3771 2133 3863 λόγῳ
2196 3772 2325 3845 τὸν
2385 3778 2513 3845 τοῦ
2571 3779 2741 3846 θεοῦ
2812 3771 3269 3863 παραβάλλειν
3302 3792 3341 3844 4

651 3864 869 3939 ἐδόκει
907 3876 1317 3961 Μαρκέλλῳ,
1370 3878 1483 3941 καὶ
1524 3868 1720 3960 πόσῳ
1774 3880 2024 3957 βελτίω
2070 3874 2241 3944 εἶναι
2284 3870 2618 3964 φήσομεν,
2665 3868 2874 3944 εἰκόνι
2914 3873 3271 3962 χρώμενον

547 3983 616 4038 35
652 3975 756 4058 τῷ
803 3965 1229 4060 ἀνθρωπίνῳ
1294 3967 1508 4059 λόγῳ,
1571 3968 1801 4062 τούτῳ
1854 3978 2119 4062 μᾶλλον
2171 3969 2549 4063 χρήσασθαι
2612 3978 2718 4062 τῷ
2778 3978 3271 4061 παραδείγματι

829 4138 866 4193 8
903 4139 1038 4195 oen.
1075 4142 1122 4206 1,
1159 4141 1227 4195 26
1262 4167 1327 4178 —
1369 4140 1442 4195 15
1479 4140 1600 4193 Joh.
1640 4144 1744 4207 1,1
1781 4171 1847 4180 -
1887 4142 1965 4197 22
2003 4142 2127 4197 Joh.
2165 4146 2269 4210 1,1
2306 4172 2372 4183 -
2411 4143 2491 4198 28
2524 4141 2770 4207 Joh.1,1
2809 4172 2877 4181 -
2915 4143 2992 4198 29
3028 4141 3151 4196 Joh.
3175 4144 3271 4210 1,1

651 4272 718 4279 —
755 4240 834 4297 aa
870 4240 983 4310 vgl.
1019 4240 1113 4296 nr.
1149 4242 1232 4297 55.
1268 4243 1334 4297 56

828 4392 860 4447 1
899 4389 1052 4467 αὐτῷ
1089 4392 1140 4446 V
1203 4394 1212 4461 Ι
1277 4392 1314 4448 2
1355 4386 1576 4465 ἕτερον]
1613 4399 1678 4456 -Ι-
1717 4390 1748 4459 ἧ
1784 4392 2005 4463 λόγον’.>
2041 4395 2136 4449 Mo
2198 4396 2206 4461 Ι
2270 4393 2309 4448 4
2362 4390 2640 4463 ὀνομάζοι
2680 4393 2750 4461 V,
2804 4411 2939 4449 corr.
2978 4394 3052 4448 Kl
3115 4396 3124 4462 Ι
3193 4393 3263 4448 11

653 4511 798 4562 φημι
831 4494 947 4563 καὶ]
988 4491 1245 4563 σύμφημι
1291 4490 1456 4564 καγὼ
1489 4494 1583 4549 Mo
1649 4498 1658 4561 Ι
1725 4496 1803 4550 29
1840 4492 2082 4564 εἰδῶμεν
2117 4497 2193 4549 V²
2237 4496 2247 4564 Ι
2296 4496 2375 4552 80
2416 4492 2717 4564 ἀκούωμεν
2754 4495 2860 4550 We
2894 4493 3019 4563 (mit
3034 4495 3271 4550 Komma.

654 4611 752 4650 vor
784 4596 902 4663 καὶ)
969 4596 977 4653 Ι
1045 4595 1124 4651 82
1179 4596 1397 4667 πατρὸς
1433 4595 1508 4648 V²
1543 4593 1750 4668 ἀνδρὸς
1785 4597 1867 4651 V*
1934 4599 1941 4665 Ι
2008 4593 2472 4667 ἀφωμοιώμενον
2506 4616 2565 4653 m
