3694 5582
1232 504 1302 560 de
1337 503 1710 560 ecclesiastica.
1741 503 2033 574 theologia
2065 505 2143 557 ΙΙΙ
2176 505 2225 560 3.
2936 512 3051 571 147

544 673 682 757 (ΝΥ.
730 674 872 756 113)
919 663 1171 740 ούκοῦν
1215 663 1404 739 τοῦτ’
1452 671 1640 738 ἔστιν
1683 665 1766 738 τὸ
1839 665 2108 756 »κύριος
2172 670 2431 739 ἔκτισέν
2480 696 2561 758 με
2602 664 2817 757 ἀρχὴν
2862 662 3045 740 όδῶν

547 765 758 840 αύτοῦ
797 773 891 851 εἰς
934 768 1094 857 ἔργα
1139 762 1406 839 αύτοῦι.

417 877 530 942 καὶ
576 875 791 940 ταῦτα
835 872 906 940 δὲ
969 868 1288 957 ἔγραφεν,
1353 863 1435 938 ού
1497 873 1812 956 δυνηθεὶς
1878 865 2041 948 τοὺς
2102 871 2222 954 τῆς
2284 873 2581 949 διανοίας
2642 861 3045 955 ὀφθαλμοὺς
3117 883 3152 938 8

426 975 554 1051 »εἰς
595 990 804 1055 υψοςι
875 957 1032 1054 ἆραι
1083 973 1196 1037 καὶ
1240 971 1344 1056 τῷ
1386 963 1716 1054 προφήτῃ
1763 973 2254 1054 παραπλησίως
2308 967 2519 1036 εἰπεῖν
2580 995 2727 1088 ‚mu
2788 959 3046 1056 ὄψομαι

351 1086 384 1139 5
419 1068 581 1150 τοὺς
623 1063 988 1155 οὐρανούς,
1037 1067 1194 1154 ἔργα
1240 1072 1388 1136 τῶν
1432 1063 1792 1137 δακτύλων
1835 1089 1991 1149 σου,
2053 1061 2344 1154 σελήνην
2398 1071 2511 1134 καὶ
2558 1062 2836 1151 ἀστέρας
2880 1096 2922 1135 α
2968 1066 3049 1137 σύ

419 1173 909 1258 ἐθεμελίωσας(
963 1161 1119 1236 οὐδὲ
1161 1164 1631 1254 μνημονεύσας
1660 1171 1790 1238 τοῦ
1817 1171 2253 1252 προφητικοῦ
2284 1161 2510 1253 λόγου,
2556 1161 2640 1236 δι’
2672 1156 2752 1236 οὗ
2788 1169 3048 1254 εἴρηται

427 1267 550 1338 »τὰ
593 1271 665 1336 δὲ
710 1268 870 1354 ἔργα
913 1272 1152 1354 κυρίου
1196 1262 1320 1336 ούκ
1365 1269 1826 1354 ἐμβλέπουσιν,
1871 1271 1984 1333 καὶ
2027 1263 2113 1334 τὰ
2156 1264 2317 1354 ἔργα
2362 1271 2508 1335 τῶν
2546 1272 2796 1354 χειρῶν
2834 1262 3050 1338 αὐτοῦ

421 1364 504 1438 οὗ
561 1371 1076 1437 κατανοοῦσινι.
1180 1366 1238 1435 εἰ
1295 1363 1422 1454 γὰρ
1485 1362 1758 1446 τούτοις
1819 1359 2285 1452 προσεσχήκει,
2347 1365 2524 1472 ἔγνω
2592 1361 2677 1435 ἂν
2739 1393 2849 1436 οτι
2908 1365 3046 1457 πρὸ
3117 1381 3151 1436 9

325 1511 338 1524 ·
421 1463 716 1553 ούρανοῦ
756 1471 870 1536 καὶ
931 1470 1052 1554 γῆς
1101 1473 1215 1534 καὶ
1266 1461 1402 1551 πρὸ
1448 1469 1576 1535 τοῦ
1620 1461 2012 1554 σύμπαντος
2070 1459 2327 1553 κόσμου
2384 1467 2515 1535 καὶ
2558 1459 2640 1536 ού
2702 1464 2867 1584 acob-
2900 1471 3048 1537 τῶν

317 1582 386 1636 10
422 1561 698 1652 ὁρατῶν
740 1561 960 1653 μόνον
1004 1557 1179 1636 ἄλλα
1223 1572 1337 1634 καὶ
1378 1560 1513 1651 πρὸ
1559 1570 1707 1634 τῶν
1753 1569 2032 1652 νοητῶν
2075 1563 2299 1651 ἔργων
2342 1570 2467 1634 τοῦ
2509 1569 2703 1648 θεοῦ,
2767 1570 2913 1634 τῶν
2972 1569 3047 1635 ἐν

420 1661 810 1754 ασωμάτοις
853 1669 966 1733 καὶ
1009 1657 1484 1752 ύπερκοσμίοις
1529 1659 1885 1751 δυνάμεσιν
1950 1667 2025 1733 ἐν
2068 1657 2438 1738 ύποστάσει
2482 1691 2738 1748 οντων,
2798 1656 2887 1753 ἦν
2935 1672 3047 1736 καὶ

419 1769 648 1854 προῆν
691 1793 728 1835 ο
775 1769 992 1834 ταῦτα
1037 1767 1270 1850 λέγων.
1359 1757 1398 1833 ὅ
1444 1768 1514 1832 δὲ
1567 1761 1857 1851 μεταβὰς
1910 1766 2018 1832 ἐπὶ
2067 1758 2146 1832 τὸ
2205 1761 2377 1848 »πρὸ
2434 1769 2559 1832 τοῦ
2602 1769 2856 1846 αἰῶνος
2900 1767 3048 1836 ἐθε-

419 1868 746 1952 μελίωσέν
790 1890 930 1950 μει,
976 1859 1186 1934 πάλιν
1231 1860 1360 1951 τὴν
1405 1859 1620 1952 σάρκα
1663 1868 1756 1944 εἰς
1799 1867 2007 1951 μέσον
2052 1859 2195 1949 ἄγει
2240 1867 2460 1949 λέγων
2505 1891 2731 1945 ουτως

547 1965 684 2048 (Nr.
733 1969 832 2048 14)
895 1967 1216 2050 θεμέλιον
1258 1967 1514 2033 τοῦτον
1559 1955 1935 2050 ὀνομάζων,
1982 1959 2111 2049 τὴν
2153 1960 2329 2032 κατὰ
2373 1957 2585 2049 σάρκα
2629 1959 2843 2034 αύτοῦ
2882 1991 3047 2051 προ-

319 2087 384 2140 15
548 2071 938 2150 ορισθεῑσαν
983 2066 1396 2150 οἰκονομίαν.
1484 2056 1580 2143 ῶς
1621 2067 1733 2130 καὶ
1777 2055 1816 2132 ὁ
1863 2056 2252 2141 ἀπόστολος
2298 2066 2469 2146 λέγει
2520 2068 2878 2149 »θεμέλιον
2920 2061 3045 2151 γὰρ
3084 2077 3151 2131 10

547 2160 761 2232 ἄλλον
823 2157 1040 2244 οὐδεὶς
1100 2166 1210 2234 '79¹'
1274 2159 1556 2232 δύναται
1617 2169 1841 2231 θεῖναι
1901 2157 2087 2247 παρὰ
2141 2157 2268 2230 τὸν
2325 2163 2662 2248 κείμενον,
2726 2157 2801 2244 ὅς
2861 2165 3045 2233 ἐστιν

547 2255 790 2345 Ἰησοῦς
836 2257 1190 2349 Χριστόςε.

419 2367 534 2430 καὶ
579 2363 867 2448 ἐπιλέγει

547 2461 684 2545 (Nr.
734 2463 834 2546 14)
881 2455 1034 2540 ἑνὸς
1079 2463 1148 2528 δὲ
1194 2462 1448 2540 αἰῶνος
1490 2461 1792 2528 ἐνταῦθα
1854 2464 2211 2547 μέμνηται,
2274 2453 2392 2544 ἀφ’
2439 2449 2518 2528 οῦ
2574 2458 2661 2529 τὰ
2699 2457 2877 2530 κατὰ
2920 2457 3047 2532 τὸν

313 2580 386 2635 20
550 2555 852 2646 Χριστὸν
929 2562 1470 2644 τεθεμελιῶσθαι
1548 2559 1706 2646 ἔφη,
1787 2563 2016 2628 καίτοι
2093 2563 2380 2629 πολλῶν
2458 2553 3047 2648 παρεληλυθότων

546 2657 846 2740 αἰώνων,
891 2653 986 2738 ῶς
1032 2649 1070 2727 ὁ
1117 2660 1322 2726 Δαυὶδ
1361 2659 1488 2744 ἔφη
1538 2649 1613 2725 »ό
1658 2651 1988 2745 ὑπάρχων
2031 2655 2167 2744 πρὸ
2213 2662 2361 2727 τῶν
2406 2657 2747 2730 αἰῶνωνι.

421 2765 533 2829 καὶ
576 2755 864 2847 μεταβὰς
907 2757 1058 2846 ἑξῆς
1101 2759 1211 2827 ἐπὶ
1254 2753 1337 2826 τὸ
1397 2759 1510 2827 »ἐν
1571 2749 1741 2843 ἀρχῇ
1799 2753 1935 2844 πρὸ
1998 2762 2126 2827 τοῦ
2184 2755 2318 2846 τὴν
2371 2762 2499 2847 γῆν
2558 2763 2867 2848 ποιῆσαι(
2933 2765 3046 2829 καὶ
3082 2770 3145 2823 11

422 2856 554 2947 τὴν
599 2862 726 2947 γῆν
767 2853 978 2928 πάλιν
1023 2854 1152 2945 τὴν
1196 2851 1412 2945 σάρκα
1456 2856 1626 2925 εἶναι
1671 2861 1865 2944 λέγει,
1909 2853 2151 2943 γράφει
2194 2862 2267 2927 δὲ
2311 2886 2534 2940 ουτως

550 2960 688 3077 (ΝΥ.
737 2960 838 3043 18)
882 2962 1091 3026 ποίαν
1135 2953 1397 3042 ταύτην
1443 2953 1570 3042 τὴν
1613 2959 1743 3043 γῆν
1785 2983 1826 3043 η
1874 2952 2195 3045 δηλονότι
2250 2956 2380 3046 τὴν
2433 2952 2761 3047 ἡμετέραν
2814 2952 3045 3045 σάρκα,

317 3083 386 3139 25
547 3054 678 3144 τὴν
719 3051 888 3143 μετὰ
932 3054 1062 3143 τὴν
1103 3052 1461 3144 παρακοὴν
1489 3058 1616 3143 γῆν
1647 3046 1844 3138 αὖθις
1875 3062 2277 3145 γενομένην,·
2327 3060 2480 3145 »γῆι
2516 3055 2643 3146 γὰρ
2679 3057 2807 3127 ›el‹
2846 3063 3051 3145 φησὶν

557 3158 700 3224 »καὶ
741 3159 836 3236 εἰς
874 3159 1004 3242 γῆν
1053 3149 1450 3239 άπελεύσῃι.
1537 3154 1670 3224 ἔδει
1712 3181 1838 3245 γαρ
1886 3152 2147 3242 ταύτην
2188 3152 2431 3237 ἰάσεως
2474 3174 2713 3243 τυχεῖν.

422 3260 536 3325 καὶ
580 3258 798 3324 ταῦτα
840 3257 913 3323 δὲ
957 3250 1217 3340 φάσκει,
1264 3248 1347 3324 ού
1387 3250 1853 3342 μνημονεύσας
1898 3249 1935 3324 ὁ
1982 3251 2394 3347 σοφώτατος
2440 3284 2535 3336 ως
2562 3263 2674 3325 καὶ
2718 3250 3047 3343 ανωτέρω

422 3347 561 3440 πρὸ
607 3357 732 3423 τοῦ
761 3350 906 3479 ντὴν
949 3357 1077 3441 γῆν
1117 3357 1394 3441 ποιῆσαι
1439 3356 1749 3423 ἐκτίσθαι
1791 3351 1939 3472 τὴν
1967 3350 2181 3443 σάρκα
2223 3348 2435 3441 ἀρχὴν
2478 3347 2665 3423 ὁδῶν
2710 3359 2837 3425 τοῦ
2880 3361 3049 3425 θεοῦ

425 3451 714 3540 εἰρηκώς
759 3453 1014 3569 ἷὲτυχεν..ν
1095 3456 1153 3519 εἰ
1195 3457 1268 3522 δὲ
1313 3442 1494 3533 ολως
1539 3450 1648 3522 διὰ
1693 3456 1813 3540 τῆς
1858 3458 1977 3541 γῆς
2022 3451 2151 3541 τὴν
2204 3449 2417 3540 σάρκα
2461 3449 2731 3541 ἐδήλου,
2774 3460 2924 3535 πῶς
2965 3450 3046 3525 ού
3080 3464 3148 3517 12

324 3571 393 3625 30
424 3546 886 3638 προϋπάρχειν
931 3555 1052 3639 τῆς
1095 3546 1340 3637 σαρκὸς
1382 3545 1641 3640 ανάγκη
1696 3544 2056 3642 ὁμολογεῖν
2119 3549 2247 3623 τὸν
2298 3558 2587 3640 λέγοντα
2646 3559 2656 3639 Ι
2726 3549 2860 3641 πρὸ
2923 3559 3049 3625 τοῦ
3087 3563 3207 3620 158

426 3649 556 3741 τὴν
599 3655 728 3738 γῆν
773 3656 1051 3739 ποιῆσαι
1095 3646 1341 3721 ἑαυτὸν
1388 3650 1585 3734 εἶναι,
1636 3647 1844 3771 »πρὸι
1895 3651 2021 3739 γὰρ
2070 3656 2234 3722 »τοῦ
2277 3654 2563 3734 αἰῶνος(
2616 3656 2819 3738 φησὶν
2867 3654 3048 3721 ›3292-

423 3755 750 3838 μελίωσέν
802 3776 910 3837 με,
973 3751 1047 3819 ἐν
1105 3744 1276 3837 ἀρχῇ
1327 3745 1462 3837 πρὸ
1507 3754 1632 3819 τοῦ
1674 3748 1806 3840 τὴν
1849 3755 1977 3839 γῆν
2019 3756 2354 3839 ποιῆσαιε.
2440 3746 2689 3822 ούκοῦν
2740 3748 2877 3838 πρὸ
2922 3758 3049 3822 τοῦ

425 3849 556 3940 τὴν
617 3846 830 3937 σάρκα
869 3854 1147 3937 ποιῆσαι
1200 3875 1238 3917 ο
1284 3854 1501 3918 ταῦτα
1545 3854 1761 3936 λέγων
1803 3844 2118 3971 ὑπῆρχεν.
2206 3852 2263 3919 εἰ
2306 3855 2374 3919 δὲ
2435 3856 2546 3921 καὶ
2606 3848 2695 3940 μὴ
2755 3856 3047 3922 πολλῶν
3080 3865 3151 3919 13

425 3947 707 4019 αἰώνων
748 3944 1268 4037 ἐμνημόνευσεν,
1332 3940 1480 4019 ἀλλ’
1525 3944 1696 4031 ἑνός,
1761 3938 1844 4020 οὗ
1902 3956 2013 4019 καὶ
2075 3943 2113 4019 ό
2174 3949 2403 4039 σωτὴρ
2464 3947 2768 4039 ἐμνήσθη
2830 3951 3048 4021 εἰπῶν

328 4048 532 4119 35»οὶ
595 4050 731 4119 υἱοὶ
784 4053 913 4118 τοῦ
964 4052 1214 4127 αἰῶνος
1259 4044 1515 4118 τούτου
1557 4053 1887 4135 γαμοῦσιν
1928 4053 2038 4117 καὶ
2082 4057 2589 4138 γαμίσκονταιι,
2650 4057 2762 4121 καὶ
2824 4079 3048 4131 ουτως

601 4268 634 4324 1
671 4267 833 4323 Prov.
869 4266 919 4334 8,
955 4266 1023 4321 22
1057 4296 1118 4305 —
1161 4264 1244 4320 81
1273 4264 1380 4320 Jes.
1403 4266 1488 4332 40,
1508 4266 1576 4322 26
1609 4296 1676 4305 —
1709 4266 1750 4323 4
1783 4265 1871 4321 ΡΒ.
1908 4268 2010 4333 8,4
2044 4297 2111 4306 -
2151 4268 2180 4323 7
2223 4268 2400 4337 Jes.5‚
2422 4272 2486 4325 12
2520 4300 2587 4308 —
2626 4270 2701 4326 12
2739 4270 2896 4325 Prov.
2914 4272 2965 4335 8,
2983 4270 3053 4325 23

426 4398 494 4409 --
533 4368 610 4425 15
645 4369 670 4423 1
705 4368 837 4423 Kor.
874 4369 922 4435 3,
959 4370 1024 4422 11
1058 4396 1124 4408 —
1171 4367 1247 4422 21
1287 4366 1374 4421 Pe.
1411 4370 1495 4435 54,
1531 4368 1598 4423 20
1648 4396 1716 4408 -
1769 4369 1846 4424 22
1879 4369 2039 4425 Prov.
2076 4369 2127 4436 8,
2160 4370 2230 4425 23
2279 4399 2347 4409 —
2396 4370 2473 4426 25
2512 4371 2646 4426 Gen.
2682 4374 2732 4438 3,
2769 4374 2835 4428 19
2867 4401 2934 4411 -
2971 4372 3054 4428 28

427 4470 538 4540 vgl.
575 4469 666 4525 Nr.
704 4471 774 4525 10
805 4498 872 4508 -
910 4469 988 4525 81
1025 4468 1184 4523 Prov.
1220 4469 1270 4536 8,
1306 4468 1374 4523 23
1407 4497 1474 4507 -
1513 4468 1592 4525 35
1628 4468 1763 4523 Luk.
1799 4471 1883 4539 20,
1919 4472 1988 4525 34

599 4671 636 4727 4
673 4664 834 4728 εἶπεν
868 4670 966 4735 V*,
1003 4686 1139 4726 corr.
1177 4670 1256 4724 V²
1315 4670 1328 4738 1
1391 4669 1470 4723 10
1505 4668 1688 4737 μόνον
1722 4688 1780 4723 m
1813 4668 2012 4738 μόνων
2047 4668 2099 4724 V

2488 4755 2591 4811 10*
