3694 5582
1185 500 1254 555 de
1283 501 1654 556 ecclesiasssioa.
1686 501 1973 572 theologia.
2004 502 2085 556 III
2119 503 2167 557 3.
2873 507 2991 570 153

369 659 606 752 μηκέθ’
649 659 969 754 ὑπερβάς,
1033 670 1134 753 τῷ
1194 663 1284 753 μῆ
1337 668 1742 754 δεδυνῆσθαι
1796 667 2182 751 ἐξομαλίσαι
2234 662 2365 752 τὴν
2410 660 2827 736 ἀκολουθίαν
2868 670 2989 752 τῆς

369 759 824 854 ἀποδοθείσης
869 760 1058 853 αῦτῷ
1102 769 1254 851 περὶ
1307 769 1430 854 τῆς
1490 762 1736 853 σαρκὸς
1797 770 1923 835 τοῦ
1978 769 2285 852 σωτῆρος
2344 760 2758 846 ὑποθέσεως.
2843 763 2987 836 ἄνω
3020 776 3089 830 42

372 861 496 951 γὰρ
539 868 648 932 καὶ
691 860 884 933 κάτω
926 869 1049 952 τῆς
1093 861 1336 952 σαρκὸς
1377 861 1840 954 μνημονεύσας
1883 869 1993 934 καὶ
2039 860 2269 934 πάντα
2314 870 2623 953 εἰρῆσθαι
2664 873 2817 951 περὶ
2864 872 2987 954 τῆς

372 960 616 1051 σαρκὸς
688 959 1215 1052 ἀποφηνάμενος
1306 968 1316 1048 Ι
1408 969 1596 1053 μέχρι
1665 969 1786 1051 μὲν
1858 969 2005 1033 τῶν
2073 957 2261 1051 ὀρῶν
2328 969 2438 1034 καὶ
2511 971 2658 1034 τῶν
2716 973 2991 1051 βουνῶν
3030 976 3144 1032 163

307 1069 337 1122 5
375 1067 672 1149 ἔφθασεν
717 1062 878 1145 τούς
923 1058 1352 1144 ἀποστόλους
1397 1059 1586 1133 ταῦτ’
1634 1065 1847 1134 εἰπών
1892 1062 2229 1146 εἶναι,τά
2283 1070 2358 1134 δέ
2397 1092 2473 1152 γε
2518 1064 2790 1148 τούτοις
2834 1063 2988 1136 ἀκό-

374 1171 596 1234 λουθα
641 1161 820 1233 ἑκών
863 1167 1216 1249 παρέδωκε
1261 1169 1510 1250 σιωπῇ,
1570 1169 1805 1252 μηκέτι
1850 1170 1973 1252 τῆς
2017 1168 2279 1283 γραφῆς
2322 1172 2700 1252 περαιτέρω
2746 1175 2986 1254 προελ-

373 1273 525 1332 θεῖν
567 1259 928 1351 τολμήσας.
1012 1265 1316 1333 ἐνταῦθα
1357 1267 1480 1351 μὲν
1524 1265 1648 1334 οὐν
1694 1266 1959 1350 ἵστησιν
2003 1261 2130 1333 τὸν
2175 1259 2408 1352 λόγον·
2480 1263 2649 1352 μετὰ
2702 1273 2985 1336 πλεῖστα
3020 1279 3087 1334 43

373 1369 444 1433 δὲ
488 1355 612 1433 ὅσα
662 1361 912 1452 μεταξὺ
965 1357 1152 1448 αὐτῷ
1208 1366 1568 1452 λελεγμένα
1623 1359 1993 1450 αφίσταται
2053 1367 2174 1451 μὲν
2234 1368 2357 1451 τῆς
2422 1367 2529 1433 ἐπὶ
2592 1363 2722 1452 τὴν
2780 1361 2990 1452 σάρκα

371 1465 676 1550 ἐκδοχῆς,
724 1455 1046 1550 ὁμολογεῖ
1087 1466 1158 1532 δὲ
1202 1459 1330 1532 τὸν
1375 1468 1500 1533 τοῦ
1543 1467 1714 1533 θεοῦ
1760 1457 1968 1551 λόγον
2012 1460 2182 1533 εἶναι
2227 1460 2353 1534 τὸν
2398 1469 2615 1534 ταῦτα
2660 1463 2989 1553 φήσαντα.

276 1571 336 1624 10
371 1567 548 1649 λέγει
593 1557 660 1630 δ’
707 1552 832 1632 οὖν
878 1557 1108 1643 αὐτοῖς
1151 1558 1441 1650 ρήμασιν

497 1663 633 1744 (Nr.
677 1667 780 1746 54)
794 1657 960 1780 επρὸ
1006 1658 1131 1748 γὰρ
1175 1667 1302 1731 τοῦ
1345 1659 1472 1732 τὸν
1513 1658 1773 1750 κόσμον
1814 1663 1986 1732 εἶναι
2027 1654 2115 1748 ῆν
2144 1655 2250 1750 <ὁ>
2282 1657 2483 1751 λόγος
2514 1666 2587 1734 ἐν
2631 1670 2734 1752 τῷ
2764 1671 2989 1750 πατρί.

498 1753 614 1831 ὅτε
659 1765 731 1830 δὲ
775 1754 815 1830 5
858 1757 1361 1849 παντοκράτωρ
1403 1758 1568 1842 θεὸς
1611 1758 1842 1831 πάντα
1908 1760 1996 1831 τὰ
2055 1763 2128 1830 ἐν
2191 1757 2509 1848 οὐρανοῖς
2566 1769 2680 1832 καὶ
2742 1761 2827 1833 τὰ
2880 1765 2991 1833 ἐπὶ

498 1865 620 1948 τῆς
663 1865 784 1950 γῆς
826 1865 1105 1949 ποιῆσαι
1147 1864 1509 1946 προέθετο,
1556 1863 1891 1948 ἐνεργείας
1933 1857 1973 1950 ἡ
2022 1866 2148 1932 τοῦ
2189 1859 2447 1950 κόσμου
2489 1867 2743 1949 γένεσις
2771 1866 2987 1933 ἐδεῖτο

497 1965 880 2048 δραστικῆς·
923 1965 1036 2030 καὶ
1081 1957 1190 2030 διὰ
1233 1964 1463 2042 τοῦτο,
1495 1958 1780 2049 μηδενὸς
1811 1952 2019 2042 ὄντος
2050 1961 2285 2049 ἑτέρου
2310 1959 2493 2050 πλὴν
2523 1967 2693 2032 θεοῦ
2736 1958 2991 2048 (πάντα

272 2069 332 2122 15
497 2057 620 2147 γὰρ
667 2053 1098 2147 ὁμολογεῖται
1142 2053 1256 2128 ὑπ’
1302 2055 1514 2130 αὐτοῦ
1556 2064 2008 2148 γεγενῆσθαι),
2063 2055 2226 2130 τότε
2279 2054 2316 2130 5
2370 2056 2572 2149 λόγος
2615 2061 2990 2147 προελθών

495 2161 756 2247 ἐγίνετο
803 2164 928 2230 τοῦ
969 2153 1224 2246 κόσμου
1265 2155 1587 2247 ποιητής,
1632 2153 1670 2228 5
1713 2165 1824 2228 καὶ
1869 2154 2211 2248 πρότερον
2255 2159 2458 2230 ἔνδον
2499 2166 2771 2247 νοητῶς
2817 2161 2987 2230 ἑτοι-

491 2254 726 2347 μάζων
786 2252 1028 2340 αὐτόν,
1095 2252 1192 2338 ὥς
1252 2253 1544 2328 διδάσκει
1604 2254 1774 2347 ἡμᾶς
1834 2253 1873 2329 5
1932 2255 2297 2348 προφήτης
2348 2260 2693 2348 Σολομων
2755 2255 2991 2349 »ἡνίκα

494 2353 855 2479 ἡτοίμαζεν
923 2355 1049 2428 τὸν
1111 2353 1466 2477 οῦρανόνι.
1528 2362 1748 2446 λέγων
1829 2355 2314 2446 »συμπαρήμην
2385 2355 2609 2448 αὐτῷ(
2674 2365 2788 2429 καὶ
2854 2388 2989 2476 »ως

493 2453 818 2542 ἀσφαλεῖς
861 2459 1074 2527 ἐτίθει
1115 2456 1337 2544 πηγὰς
1381 2462 1504 2546 τῆς
1545 2452 1658 2528 ὑπ’
1705 2452 2031 2545 οὐρανόν,
2088 2453 2287 2546 ἡνίκα
2350 2457 2587 2546 ἰσχυρὰ
2640 2462 2856 2529 ἐποίει
2900 2457 2986 2528 τὰ

269 2567 334 2622 20
495 2564 772 2644 θεμέλια
813 2561 938 2645 τῆς
980 2561 1118 2645 γῆς,
1163 2551 1344 2645 ἢμην
1385 2585 1524 2644 παρ
1587 2551 1776 2646 αὐτῷ
1829 2551 2234 2646 ἁρμόζουσα·
2295 2557 2430 2647 ἐγω
2474 2555 2652 2686 ἦμῆν
2694 2551 2735 2646 ᾗ
2782 2581 2985 2644 προσ·
3018 2577 3088 2630 44

493 2661 822 2744 έχαιρενι·
867 2658 1130 2744 ἔχαιρεν
1175 2653 1298 2742 γὰρ
1343 2653 1629 2738 εἰκότως
1673 2651 1710 2727 5
1755 2655 1985 2745 πατὴρ
2027 2654 2194 2745 μετὰ
2223 2665 2468 2743 σοφίας
2495 2665 2607 2729 καὶ
2636 2655 2987 2746 δυνάμεως

493 2753 601 2827 διὰ
645 2760 772 2827 τοῦ
816 2753 1028 2844 λόγου
1067 2753 1299 2828 πάντα
1340 2761 1584 2827 ποιῶν.

368 2862 586 2927 ταῦτα
632 2852 1046 2945 Μάρκελλος.
1134 2861 1192 2925 εί
1235 2854 1315 2944 δὴ
1361 2848 1487 2927 οῦν
1529 2860 1603 2927 ἐκ
1645 2855 2028 2945 προσώπου
2070 2862 2197 2929 τοῦ
2241 2853 2451 2947 λόγου
2478 2860 2786 2946 εἰρῆσθαι
2817 2852 2989 2927 αὐτὰ

368 2952 561 3045 μόγις
601 2960 775 3027 ποτὲ
820 2950 1278 3044 ὡμολόγησεν,
1327 2951 1584 3046 ἀνάγκη
1628 2953 1844 3029 αὐτὸν
1886 2964 2394 3046 παραδέξασθαι
2423 2962 2648 3029 πᾶσαν
2678 2954 2807 3045 τὴν
2836 2955 2989 3045 σύμ-

271 3064 334 3119 26
371 3078 620 3143 φρασιν
663 3062 812 3126 τῶν
853 3060 1322 3141 προκειμένων
1383 3060 1492 3127 ἐπὶ
1552 3054 1681 3127 τὸν
1742 3052 1958 3128 αὐτὸν
2017 3063 2147 3128 τοῦ
2198 3063 2368 3129 θεοῦ
2411 3054 2625 3147 λόγον
2666 3052 2987 3145 ἀναφέρε-

370 3167 546 3227 σθαι.
652 3149 691 3226 5
730 3154 879 3278 y59
941 3154 1157 3225 εἰπών
1223 3151 1457 3243 »ἡνίκα
1519 3150 1885 3244 ἡτοίμαζεν
1943 3155 2072 3227 τὸν
2142 3150 2469 3241 οὐρανόν,
2544 3154 2987 3246 συμπαρήμην
3019 3176 3088 3229 45

372 3251 596 3343 αυτῷ(
664 3250 874 3335 αὐτὸς
917 3246 1002 3342 ῆν
1045 3248 1083 3324 5
1126 3263 1239 3325 καὶ
1284 3252 1366 3325 τὸ
1418 3253 1682 3341 »κύριος
1726 3256 1989 3325 ἔκτισέν
2029 3284 2109 3343 με
2150 3252 2366 3346 ἀρχὴν
2409 3250 2596 3326 ὁδῶν
2639 3251 2853 3327 αὐτοῦ
2897 3258 2989 3336 εἰς

371 3356 528 3442 ἔργα
573 3352 819 3426 αὐτοῦ(
871 3350 1115 3442 φήσας·
1189 3355 1263 3425 ἓν
1307 3353 1434 3443 γὰρ
1477 3360 1590 3423 καὶ
1633 3350 1716 3424 τὸ
1761 3348 1929 3424 αὐτὸ
1971 3350 2351 3443 πρόσωπον
2394 3351 2790 3443 ἀρχομένοις
2834 3348 2991 3442 ἡμῖν

371 3458 667 3544 ἐδείχθη,
725 3452 806 3524 τὸ
850 3450 1083 3525 πάντα
1127 3458 1505 3539 διεξοδεῦον
1566 3452 1654 3523 τὰ
1697 3459 2121 3541 προκείμενα.
2210 3451 2414 3535 αυτὸς
2474 3460 2840 3544 τοιγαροῦν
2882 3449 2989 3541 <ὁ>

273 3558 338 3615 30
372 3554 588 3625 εἰπών
655 3552 922 3642 »κύριος
977 3556 1238 3624 ἔκτισέν
1291 3580 1370 3641 με
1415 3549 1628 3641 ἀρχὴν
1673 3545 1863 3623 ὁδῶν
1906 3548 2118 3625 αὐτοῦ
2178 3557 2268 3637 εἰς
2330 3556 2489 3645 ἔργα
2532 3550 2778 3625 αὐτοῦ(
2829 3550 2989 3641 ἐπή-

371 3681 572 3742 γαγεν
635 3652 718 3724 τὸ
786 3652 958 3741 »πρὸ
1001 3659 1128 3725 τοῦ
1175 3658 1427 3735 αἰῶνος
1468 3655 1915 3741 ἐθεμελίωσέν
1957 3682 2073 3740 με(
2138 3660 2250 3724 καὶ
2305 3653 2387 3725 τὸ
2452 3658 2565 3724 »ἐν
2626 3649 2793 3741 ἀρχῇ
2852 3650 2990 3739 πρὸ

373 3759 496 3825 τοῦ
540 3752 670 3841 τῆν
713 3760 842 3842 γῆν
883 3758 1194 3842 ποιῆσαι(
1243 3758 1354 3823 καὶ
1399 3750 1482 3823 τὸ
1534 3749 1705 3840 »πρὸ
1749 3758 1879 3823 τοῦ
1924 3744 2048 3881 ὅρη
2078 3754 2507 3843 ἑδρασθῆναι,
2552 3750 2689 3841 πρὸ
2722 3758 2791 3824 δὲ
2818 3750 2989 3823 πάν-

373 3880 518 3923 των
570 3858 910 3940 <βουνῶν>
972 3856 1175 3944 γεννᾷ
1217 3874 1363 3974 μεξ·
1438 3846 1476 3921 5
1521 3849 1728 3933 αὐτὸς
1773 3858 1844 3922 δὲ
1887 3859 1999 3923 καὶ
2043 3853 2125 3923 τὸ
2178 3848 2411 3941 »ἡνίκα
2455 3849 2819 3942 ἡτοίμαςεν
2862 3850 2989 3923 τὸν
3022 3866 3091 3921 46

377 3948 690 4039 οὐρανόν,
721 3949 1220 4072 εσυμπαρήμην
1255 3948 1481 4038 αὐτῷ(
1533 3956 1830 4040 συνῆψεν
1873 3957 1986 4021 καὶ
2029 3950 2116 4022 τὰ
2160 3948 2512 4023 ἀκόλουθα
2558 3950 2848 4034 τούτοις.
2934 3956 2992 4021 εἰ

273 4056 340 4112 35
373 4050 452 4141 δὴ
518 4043 642 4123 οῦν
703 4045 742 4122 5
788 4047 993 4140 λόγος
1052 4043 1137 4139 ἦν
1183 4044 1220 4121 5
1267 4056 1485 4121 ταῦτα
1529 4048 1771 4139 φήσας,
1837 4057 1991 4134 πῶς
2035 4054 2232 4124 ἔνδον
2274 4043 2359 4141 ῆν
2401 4054 2475 4122 ἐν
2518 4058 2622 4141 τῷ
2668 4058 2813 4141 θεῷ
2860 4058 2989 4135 καί,

545 4222 616 4278 17
659 4221 823 4277 Prov.
857 4220 908 4289 8,
943 4220 1148 4276 27—30
1181 4250 1248 4259 —
1283 4221 1359 4275 21
1401 4220 1423 4273 Ι
1461 4220 1588 4274 Kor.
1628 4224 1676 4285 1,
1711 4222 1780 4275 24
1813 4250 1881 4261 -
1923 4221 1998 4277 26
2031 4222 2189 4277 Prov.
2225 4222 2275 4291 8,
2313 4223 2378 4277 27
2412 4252 2481 4261 —
2513 4220 2585 4277 27
2646 4221 2807 4276 Prov.
2841 4222 2890 4289 8,
2928 4223 2994 4276 22

373 4352 435 4363 -
484 4322 600 4379 281
629 4323 680 4378 S.
719 4324 834 4387 138,
870 4323 994 4377 31ff
1019 4350 1088 4360 —
1122 4322 1199 4377 30
1235 4321 1390 4376 Prov.
1427 4322 1478 4388 8,
1515 4322 1580 4375 22
1615 4351 1682 4359 —
1727 4322 1849 4378 811
1877 4323 2038 4379 Prov.
2072 4324 2123 4390 8,
2160 4324 2226 4377 23
2278 4352 2345 4363 -—
2398 4323 2474 4379 82
2527 4323 2689 4378 Prov.
2724 4324 2774 4387 8,
2809 4324 2875 4379 25
2927 4352 2994 4361 --

373 4424 451 4479 88
485 4422 647 4479 Prov.
684 4426 734 4490 8,
769 4425 836 4478 27
880 4453 947 4463 -
985 4422 1125 4480 8511’
1154 4422 1262 4493 vgl.
1299 4423 1392 4477 Nr.
1426 4425 1495 4478 54

544 4570 1771 4645 4uthly5pVy5p**÷t-**Wel
1839 4569 2994 4643 116and.st.129‹5K1181t‹1›v

373 4673 602 4732 αἰώνων
635 4694 693 4729 m
757 4678 764 4744 Ι
832 4676 911 4731 88
945 4679 1167 4748 βουνῶν
1202 4692 1258 4727 m
