3694 5582
1291 499 1485 552 contra
1517 497 1840 552 Marcellum
1876 498 1927 551 ΙΙ
1962 501 2011 554 3.
2879 510 2959 570 49

475 657 726 744 εἰκόνες
753 670 865 733 καὶ
895 658 1231 734 ἀπόντων
1261 666 1587 732 δεικτικαί
1617 664 1802 744 εἰσιν,
1835 657 2013 731 ὥστε
2042 669 2155 732 καὶ
2185 661 2313 734 τὸν
2330 659 2601 734 ἀπόντα
2622 660 2704 736 δι’
2728 661 2961 735 αὐτῶν

475 769 835 848 φαίνεσθαι
894 768 1137 835 δοκεῖν.
1222 766 1282 834 εἰ
1325 765 1396 832 δὲ
1447 765 1574 831 τοῦ
1618 767 1788 832 θεοῦ
1841 757 2143 848 ἀοράτου
2196 754 2401 842 ὄντος
2444 757 2750 850 ἀόρατον
2792 764 2961 834 εἶναι

474 869 579 932 καὶ
625 859 754 933 τὸν
796 859 1008 950 λόγον
1050 869 1418 949 συμβαίνει,
1481 867 1635 943 πῶς
1675 862 1921 932 εἰκών
1962 866 2106 932 τοῦ
2149 857 2503 949 ἀοράτου
2546 869 2743 932 θεοῦ
2800 859 2959 935 καθ’

474 959 717 1032 ἑαυτὸν
769 955 807 1033 ό
853 957 1055 1050 λόγος
1095 962 1270 1033 εἶναι
1312 959 1620 1045 δύναται,
1669 967 1780 1030 καὶ
1825 957 2032 1042 αὐτὸς
2072 957 2368 1048 άόρατος
2411 958 2545 1046 63»,-
2615 958 2961 1035 ἀδύνατον

301 1075 329 1128 5
471 1061 594 1152 γὰρ
638 1060 723 1133 τὸ
765 1059 854 1149 μὴ
899 1055 1160 1148 όρατὸν
1204 1059 1314 1131 διὰ
1356 1066 1485 1131 τοῦ
1526 1056 1830 1147 ἀοράτου
1873 1067 2177 1150 φανῆναί
2218 1090 2406 1132 ποτε.

337 1169 458 1232 ,καὶ
497 1166 570 1232 ἐν
615 1159 888 1244 τούτοις
930 1166 1002 1231 δὲ
1047 1155 1085 1231 ὁ
1131 1157 1526 1249 Μάρκελλος
1568 1156 1651 1231 ού
1692 1165 1963 1252 συνορᾷ,
2007 1154 2119 1232 ὅτι
2161 1164 2217 1230 εἰ
2258 1159 2389 1248 τὴν
2429 1157 2643 1247 σάρκα
2682 1165 2959 1250 δοίημεν
2993 1167 3061 1222 25

357 1262 515 1332 εἶναι
557 1260 686 1351 τὴν
731 1257 961 1331 εἰκόνα
1005 1265 1130 1331 τοῦ
1175 1265 1360 1344 θεοῦ,
1418 1257 1563 1349 ὥρα
1605 1267 1720 1330 καὶ
1762 1257 2054 1331 πάντων
2100 1257 2503 1349 ἀνθρώπων
2548 1259 2669 1340 τὰς
2712 1259 2959 1347 σάρκας

355 1367 456 1431 καὶ
495 1360 583 1432 τὰ
626 1367 775 1432 τῶν
819 1357 1162 1449 σωμάτων
1202 1358 1541 1450 πρόσωπα
1583 1355 1846 1443 εἰκόνας
1891 1361 2063 1432 εἶναι
2108 1367 2325 1447 λέγειν
2370 1366 2497 1431 τοῦ
2540 1367 2726 1444 θεοῦ,
2784 1359 2961 1432 ὥστε

353 1456 491 1531 κατ’
535 1456 752 1532 αὐτὸν
793 1465 1002 1550 μηδὲν
1029 1463 1377 1548 ἐξαίρετον
1409 1463 1754 1550 ἐσχηκέναι
1797 1457 1924 1531 τὸν
1970 1465 2267 1549 σωτῆρα.
2352 1454 2391 1531 ό
2436 1455 2493 1532 δ’
2542 1457 2767 1550 ὥσπερ
2821 1465 2960 1534 ἐπι-

270 1577 326 1630 10
355 1558 730 1651 λαθόμενος
796 1551 900 1630 ὦν
959 1561 1128 1650 μετὰ
1191 1566 1408 1632 ταῦτα
1466 1567 1617 1649 περὶ
1679 1565 1800 1650 τῆς
1863 1558 2113 1650 σαρκὸς
2173 1565 2591 1649 συνέγραψεν
2646 1559 2963 1646 (ιδούλου

353 1659 651 1750 μορφὴν(
702 1656 918 1748 αὐτὴν
962 1660 1177 1731 εἰπών
1221 1665 1293 1745 ἐξ
1337 1657 1798 1749 ἄποστολικῆς
1840 1665 2285 1748 παραθέσεως
2326 1667 2439 1730 καὶ
2476 1659 2587 1730 διὰ
2630 1665 2841 1730 τοῦτο
2869 1659 2960 1748 μὴ

354 1757 676 1831 δύνασθαι
719 1778 1017 1830 συνεῖναι
1061 1765 1164 1850 τῷ
1209 1755 1398 1849 λόγῳ
1444 1759 1550 1832 διὰ
1595 1759 1678 1832 τὸ
1729 1757 2021 1832 »δούλου
2062 1757 2373 1848 μορφὴν(
2411 1760 2599 1842 εἶναι,
2646 1755 2822 1831 α’λλὰ
2850 1767 2961 1829 καὶ
2995 1783 3061 1838 26

353 1866 558 1947 γυμνῇ
604 1865 690 1946 τῇ
732 1865 999 1948 κεφαλῇ
1043 1855 1264 1947 φήσας

465 1962 604 2044 (Nr.
639 1965 780 2044 104)
825 1964 978 2038 πῶς
1021 1963 1302 2048 ἐγχωρεῖ
1339 1958 1472 2047 τὴν
1513 1962 1588 2029 ὲκ
1630 1965 1752 2048 γῆς
1796 1989 1871 2030 τε
1916 1951 2127 2031 οὖσαν
2168 1966 2278 2029 καὶ
2320 1963 2525 2048 μηδὲν
2556 1954 2965 2046 ὠφελοῦσαν

263 2073 320 2124 15
464 2063 538 2130 ἐν
585 2077 732 2140 τοῖς
773 2064 1139 2147 μέλλουσιν
1183 2064 1426 2130 αἰῶσιν
1467 2077 1764 2130 συνεῖναι
1807 2064 1909 2148 τῷ
1956 2053 2217 2146 λόγῳ,·),

351 2159 512 2229 εἶναι
557 2155 788 2228 εἰκόνα
833 2163 960 2228 τοῦ
1001 2153 1305 2248 άοράτου
1348 2164 1518 2232 θεοῦ
1560 2157 1692 2247 τὴν
1741 2155 1957 2247 σάρκα
2008 2161 2119 2229 ἐπὶ
2172 2163 2301 2228 τοῦ
2349 2154 2699 2245 παρόντος
2745 2159 2960 2245 [εἶναι]

351 2262 832 2346 διισχυρίζεται,
878 2256 1460 2347 διαβεβαιούμενος
1505 2252 2001 2344 ἇποφαντικῶς

465 2360 604 2442 (Nr.
647 2365 752 2442 82)
815 2350 926 2428 ὅτι
985 2355 1121 2443 πρὸ
1177 2363 1298 2446 τῆς
1351 2363 1478 2429 τοῦ
1519 2354 1852 2446 ἡμετέρου
1893 2357 2209 2445 σώματος
2253 2353 2663 2446 ἀναλήψεως
2707 2354 2833 2430 ούκ
2877 2351 2961 2448 ἦν

465 2458 675 2528 εἰκών
719 2462 844 2528 τοῦ
889 2453 1190 2544 ἀοράτου
1233 2463 1405 2530 θεοῦ
1446 2451 1484 2527 ό
1531 2453 1733 2546 λόγος
1771 2461 1886 2530 45’
1932 2452 2161 2528 αὐτοῦ.

257 2565 316 2618 20
347 2561 449 2626 καὶ
491 2548 698 2638 αὖθις
740 2555 910 2644 μετὰ
953 2554 1040 2627 τὰ
1085 2561 1454 2628 ἐκτεθέντα
1497 2559 1797 2645 ἐπιφέρει
1841 2561 2064 2644 λέγων
2994 2572 3060 2626 27

465 2659 608 2742 (Nr.
637 2661 742 2741 83)
787 2653 892 2727 διὸ
937 2654 1380 2743 πανταχόθεν
1421 2661 1634 2745 δῆλον
1677 2651 1907 2726 εἰκόνα
1950 2660 2079 2725 τοῦ
2122 2649 2423 2745 άοράτου
2462 2663 2629 2728 θεοῦ
2670 2653 2805 2729 ύπὸ
2838 2663 2963 2729 τοῦ

465 2758 654 2843 ἱεροῦ
697 2759 1008 2845 εἰρῆσθαι
1051 2749 1448 2829 ἀποστόλου
1477 2753 1607 2843 τὴν
1635 2761 2193 2846 προσγενομένην
2224 2762 2327 2847 τῷ
2360 2751 2544 2847 λόγῳ
2576 2753 2807 2845 σάρκα,
2853 2761 2963 2829 ἵνα

465 2853 578 2927 διὰ
623 2861 750 2928 τοῦ
794 2850 1048 2944 ὁρατοῦ
1101 2863 1214 2926 καὶ
1271 2855 1356 2927 τὸ
1417 2851 1724 2943 ἀόρατον
1785 2865 2129 2945 φαίνηται.
2222 2857 2498 2927 »εἰκώνε
2565 2862 2639 2927 δὲ
2703 2858 2954 2928 »ἒστὶνι
3066 2870 3071 2873 ’

465 2960 679 3043 φησὶν
723 2948 760 3025 ό
807 2949 1193 3036 ἀπόστολος
1243 2961 1404 3027 »τοῦ
1447 2952 1752 3044 ἀοράτου
1794 2961 2023 3029 θεοῦε.
2110 2962 2233 3028 νῦν
2276 2952 2620 3046 δηλονότι,
2667 2952 2963 3046 ὁπηνίκα

251 3062 312 3117 25
463 3054 600 3141 τὴν
627 3050 776 3124 κατ’
811 3050 1038 3125 εἰκόνα
1083 3059 1209 3125 τοῦ
1251 3062 1422 3127 θεοῦ
1463 3062 1834 3144 γενομένην
1878 3050 2247 3144 ἀνείληφεν
2294 3052 2526 3143 σάρκα,
2572 3058 2777 3127 εἰκών
2806 3052 2960 3143 άλη-

463 3154 604 3243 θὴς
647 3158 776 3225 τοῦ
821 3151 1121 3241 ἀοράτου
1163 3161 1332 3225 θεοῦ
1375 3160 1668 3243 γέγονεν.
1755 3160 1814 3226 εἰ
1874 3155 2002 3245 γὰρ
2064 3154 2173 3225 διὰ
2228 3160 2348 3244 τῆς
2402 3151 2665 3235 εἰκόνος
2709 3152 2963 3243 ταύτης
2996 3170 3065 3225 28

463 3250 596 3324 τὸν
638 3258 766 3325 τοῦ
809 3259 978 3325 θεοῦ
1007 3250 1220 3340 λόγον
1257 3250 1648 3343 ἠξιώθημεν
1675 3262 1955 3343 γνῶναι,
2000 3252 2341 3326 πιστεύειν
2378 3249 2743 3342 ὀφείλομεν
2770 3250 2960 3341 αὐτῷ

461 3359 568 3442 τῷ
618 3348 802 3442 λόγῳ
849 3352 960 3424 διὰ
1002 3359 1128 3442 τῆς
1171 3349 1434 3437 εἰκόνος
1494 3359 1762 3443 λέγοντι
1829 3355 1997 3443 »ἐγώ
2053 3362 2166 3425 καὶ
2220 3350 2257 3425 ό
2309 3352 2536 3443 πατὴρ
2592 3354 2665 3425 ἓν
2706 3357 2963 3443 ἐσμενι.

465 3444 631 3523 οὔτε
673 3450 798 3541 γὰρ
844 3450 971 3523 τὸν
1015 3450 1226 3540 λόγον
1269 3444 1430 3524 οὔτε
1472 3452 1600 3524 τὸν
1643 3460 1907 3542 πατέρα
1953 3459 2080 3525 τοῦ
2124 3450 2332 3543 λόγου
2371 3462 2574 3541 χωρὶς
2618 3459 2741 3543 τῆς
2796 3448 2962 3524 εἰκό-

245 3554 308 3610 30
461 3579 588 3635 νος
631 3550 888 3641 ταύτης
929 3558 1188 3639 γνῶναί
1227 3580 1384 3622 τινα
1429 3548 1740 3625 δυνατόν.
2284 3586 2292 3591 ·

341 3656 450 3720 καὶ
495 3646 714 3721 πάλιν
757 3655 1061 3741 ἐπιφέρει
2997 3671 3064 3725 29

463 3754 557 3835 (Ν
561 3780 608 3819 r.
637 3758 740 3837 84)
788 3745 976 3821 οῦτω
1006 3758 1172 3838 γοῦν
1199 3758 1310 3821 καὶ
1342 3746 1380 3822 ό
1412 3748 1804 3834 ἇπόστολός
1839 3756 1850 3838 Ι
1889 3774 2114 3839 φησιν,
2148 3748 2375 3837 ὥσπερ
2405 3756 2623 3840 μικρῷ
2654 3748 2963 3840 πρόσθεν
2998 3771 3079 3827 48

465 3854 726 3939 ἔφαμεν
775 3854 1142 3921 »ἐκένωσεν
1187 3851 1435 3922 ἑαυτὸν
1461 3850 1736 3942 μορφὴν
1767 3851 2019 3923 δούλου
2048 3852 2335 3938 λαβώνι,
2380 3850 2489 3921 διὰ
2532 3856 2655 3940 τῆς
2696 3856 2965 3939 μορφῆς

463 3958 598 4021 τοῦ
641 3948 892 4022 δούλου
922 3949 1050 4040 τὴν
1081 3946 1538 4040 ἀνθρωπίνην
1581 3947 1740 4040 ἡμῖν
1782 3959 2129 4041 σημαίνων
2160 3947 2390 4040 σάρκα,
2436 3946 2523 4039 ἢν
2561 3945 2599 4021 ό
2631 3947 2963 4039 δεσπότης

511 4172 552 4225 a
593 4170 868 4238 Kol.1,15
889 4200 950 4209 -
974 4170 1054 4226 ιο
1072 4169 1216 4223 Phil.
1234 4173 1283 4235 2,
1303 4172 1332 4224 7
1353 4200 1419 4208 -
1442 4170 1582 4227 loir
1612 4170 2040 4239 vgl.Nr.104—
2064 4171 2138 4226 12
2177 4170 2319 4224 Phil.
2337 4170 2437 4237 2,'7
2464 4197 2533 4208 -
2570 4171 2647 4225 ιο
2684 4167 2964 4237 1101.1,15

339 4297 402 4306 —
442 4272 521 4325 21
563 4270 690 4327 Kol.
729 4275 774 4339 1,
813 4275 877 4327 15
929 4302 996 4311 -
1049 4272 1128 4326 28
1164 4271 1288 4325 Kol.
1327 4274 1374 4337 1,
1413 4273 1477 4326 15
1529 4300 1595 4309 -—
1650 4271 1728 4327 25
1766 4271 1891 4326 Kol.
1928 4275 1975 4341 1,
2015 4274 2079 4327 15
2132 4302 2197 4310 —
2253 4270 2329 4326 28
2366 4270 2490 4327 Joh.
2530 4272 2609 4339 10,
2646 4272 2715 4327 30
2768 4302 2834 4310 —
2888 4270 2964 4327 88

340 4369 482 4425 Phil.
518 4372 570 4439 2,
608 4374 640 4426 7

512 4572 552 4628 8
609 4565 840 4637 εἰκόνας
891 4590 946 4625 m
999 4568 1196 4628 εἰκόνα
1232 4571 1283 4625 V
1332 4572 1342 4640 Ι
1397 4570 1468 4627 16
1503 4564 1682 4627 εἶναι2
1731 4575 1826 4626 Str.
1865 4572 1943 4625 V2
1992 4574 2002 4640 Ι
2055 4570 2135 4627 28
2192 4578 2406 4645 ορατοῢ
2440 4614 2453 4627 .
2493 4613 2507 4628 .
2561 4566 2818 4644 ἀόρατον
2871 4571 2961 4623 Mo

338 4668 608 4745 ἀοράτου
647 4714 658 4728 .
699 4713 712 4728 .
751 4664 968 4743 ὁρατόν
1007 4674 1051 4727 V
1103 4675 1113 4741 Ι
1168 4673 1246 4729 25
1284 4670 1516 4741 ἀληθῶς
1550 4691 1605 4726 m
1659 4674 1668 4741 Ι
1722 4673 1800 4728 80
1835 4690 1947 4729 τινι
1981 4686 2064 4727 mr

453 4758 702 4803 Eusebius
731 4758 810 4803 lv.
2521 4761 2558 4812 4
