3694 5582
665 508 780 569 176
1831 496 2099 552 Eusebius

825 667 903 737 17
968 669 1023 733 εἰ
1085 668 1154 733 δὲ
1213 661 1337 751 χρὴ
1402 670 1621 733 ταῦτα
1663 664 2277 749 ἐπισφραγίσασθαι
2326 670 2725 751 προφητικῇ
2786 666 3125 749 σφραγῖδι,
3190 667 3282 743 εἰς
3352 668 3515 739 ὅπως
3553 672 3617 727 αἱ

659 770 934 847 βεβαίαν
975 770 1312 833 πίστωσιν
1358 769 1502 833 τῶν
1557 764 1934 851 εἰρημένων
1975 758 2263 849 μάρτυρι
2289 757 2615 850 χρήσομαι
2644 767 3059 851 προφητικῷ
3086 761 3283 831 πνεύ-
3316 745 3669 879 ἓῗιατιάζτξαὶ

661 889 824 949 ματι
868 856 960 931 δι’
1003 856 1294 949 Ἐςεκιὴλ
1341 868 1468 932 τοῦ
1509 858 1881 950 προφήτου
1925 856 2097 931 αὐτὰ
2139 859 2223 950 δὴ
2266 859 2387 949 [δὴ]
2430 866 2649 931 ταῦτα
2678 859 3029 941 τοιαύταις
3054 867 3284 933 θεσπί-
3350 884 3451 945 τῆς
3505 885 3613 931 τοῦ

663 971 852 1047 ζοντι
896 978 1162 1047 φωναῖς
1205 957 1402 1031 »τάδε
1445 966 1622 1048 λέγει
1650 959 1882 1048 κύριος
1908 959 2166 1049 κύριος·
2208 959 2360 1032 ἰδοὺ
2385 961 2519 1049 ἐγῶ
2552 959 2823 1050 ζητήσω
2853 959 2941 1033 τὰ
2969 957 3283 1050 πρόβατά
3322 954 3669 1101 ἣῖαῶξῆρὲξε-

591 1072 624 1125 5
660 1088 791 1148 μου
831 1066 944 1129 καὶ
987 1064 1434 1150 ἐπισκέψομαι
1478 1058 1665 1132 αὐτά.
1741 1085 1971 1146 ωσπερ
2018 1071 2205 1151 ζητεῖ
2242 1054 2281 1131 6
2310 1059 2566 1149 ποιμὴν
2597 1058 2679 1131 τὸ
2708 1068 3031 1149 ποίμνιον
3070 1057 3283 1131 αὐτοῦ
3352 1082 3635 1149 λευτὴτοι

659 1163 735 1228 ἐν
779 1151 1070 1249 ἦμέρᾳσ
1031 1188 1202 1231 οταν
1245 1154 1286 1249 ᾗ
1333 1156 1593 1249 γνόφος
1633 1167 1744 1230 καὶ
1801 1166 2051 1249 νεφέλη
2102 1163 2177 1231 ἐν
2226 1164 2411 1249 μέσῳ
2469 1156 2845 1248 προβάτων
2904 1166 3283 1248 ὃιακεχωρι·
3340 1150 3651 1271 Ξασξὲξῖξ

660 1264 948 1345 σμένων,
995 1251 1215 1342 οῦτως
1265 1265 1378 1333 9οῑ
1404 1258 1748 1350 ἐκζητήσω
1793 1258 1881 1330 τὰ
1922 1255 2235 1349 πρόβατά
2276 1287 2436 1348 μου.
2434 1289 2459 1323 ι
2536 1267 2647 1331 καὶ
2688 1255 2849 1381 μεθ’
2896 1260 3091 1349 ἕτερα
3134 1267 3283 1331 »καὶ
3317 1235 3612 1349 σιιῗρκαῑ
3589 1305 3673 1349 ως

659 1354 861 1479 σώσω
907 1356 994 1428 τὰ
1034 1355 1348 1449 πρόβατά
1389 1386 1535 1447 μου,
1580 1366 1692 1430 καὶ
1738 1355 1820 1431 06
1862 1358 1951 1448 μὴ
1998 1350 2167 1429 ὦσιν
2212 1361 2311 1429 ἔτι
2355 1365 2446 1441 εἰς
2490 1356 2869 1449 προνομήν
2912 1367 3026 1430 καὶ
3066 1388 3279 1449 κρινω
3314 1324 3630 1473 ''mapa‘'

660 1456 788 1527 ἀνὰ
857 1463 1064 1546 μέσον
1135 1463 1328 1545 κριοῦ
1385 1457 1559 1548 πρὸς
1621 1457 1832 1546 κριόν.
1930 1464 2041 1529 καὶ
2102 1454 2462 1548 αναστήσω
2522 1454 2624 1530 ἐπ>
2687 1456 2934 1542 αὐτοὺς
2990 1467 3283 1549 ποιμένα
3316 1437 3439 1556 2(ξῇ-
3470 1438 3669 1553 ᾞᾷιέ

560 1568 626 1623 10
659 1564 768 1629 καὶ
813 1576 1136 1645 ποιμανεῖ
1173 1556 1440 1643 αὐτούς,
1483 1557 1604 1631 τὸν
1648 1555 1899 1631 δοῦλόν
1936 1586 2067 1648 μου
2098 1564 2319 1641 Δαυίδ,
2363 1561 2537 1628 καὶ”
2505 1581 2691 1629 εσται
2736 1554 2969 1630 αὐτῶν
2994 1556 3281 1648 ποιμήν·
3316 1558 3387 1623 λῆ
3420 1558 3667 1677 ζωθά-

660 1664 770 1727 καὶ
831 1658 963 1745 ἐγω
1015 1657 1245 1745 κύριος
1297 1658 1527 1747 ἔσομαι
1579 1654 1811 1742 αὐτοῖς
1856 1664 1949 1739 είς
1990 1656 2187 1741 θεόν,
2250 1663 2361 1728 καὶ
2408 1664 2613 1729 Δαυὶδ
2670 1661 2746 1729 ἐν
2802 1664 2983 1747 μέσῳ
3046 1655 3283 1729 αὐτῶν
3318 1638 3548 1745 σεῆῑξητ
3556 1643 3671 1757 'larr-

663 1756 918 1845 ἄρχων·
991 1757 1126 1846 ἐγώ
1169 1754 1399 1845 κύριος
1459 1755 1779 1847 ἐλάλησα,
1839 1766 1953 1829 καὶ
2012 1753 2421 1846 διαθήσομαι
2483 1764 2585 1847 τῷ
2632 1764 2840 1830 Δαυὶδ
2888 1756 3283 1885 διαθήκηνι.
3338 1760 3647 1881 agoada?-

661 1862 772 1926 καὶ
815 1852 976 1942 μεθ’
1023 1858 1218 1946 ετερα
1243 1863 1565 1945 δευτεροῑ
1603 1858 1734 1948 τὴν
1778 1854 1995 1945 αὐτὴν
2036 1865 2465 1946 προφητείαν
2524 1862 2745 1946 λέγων
2812 1864 2959 1927 »καὶ
2998 1855 3281 1947 ρύσομαι
3408 1827 3637 1948 ἔξω

665 1951 911 2037 αὐτοὺς
941 1952 1077 2027 ἀπὸ
1107 1964 1352 2028 πασῶν
1380 1964 1530 2028 τῶν
1571 1954 1882 2048 ἀνομιῶν
1910 1954 2145 2028 αὐτῶν
2197 1947 2297 2027 ῶν
2344 1952 2737 2045 ημᾶρτοσαν
2765 1961 2839 2028 ἐν
2871 1954 3125 2043 αὐταῖς,
3168 1964 3282 2027 καὶ

562 2066 627 2120 15
661 2062 972 2142 καθαριῶ
1003 2051 1267 2141 αὐτούς
1313 2064 1424 2127 καὶ
1467 2058 1740 2129 ἔσονταί
1781 2085 1898 2146 μοι
1932 2060 2024 2138 εἰς
2066 2052 2257 2142 λαόν,
2301 2064 2415 2127 καὶ
2456 2057 2589 2144 ἐγῶ
2638 2060 2865 2145 ἔσομαι
2912 2053 3144 2139 αὐτοῖς
3190 2061 3283 2139 εἰς

661 2150 856 2225 θεόν·
927 2163 1039 2227 καὶ
1100 2150 1138 2226 6
1202 2153 1444 2240 δοῦλός
1483 2184 1616 2243 μου
1661 2162 1867 2227 Δαυὶδ
1925 2156 2157 2245 ἄρχων
2200 2160 2274 2226 ἐν
2325 2162 2507 2245 μέσῳ
2550 2152 2807 2226 αὐτῶν·
2870 2162 2981 2227 καὶ
3022 2155 3279 2246 ποιμὴν

663 2258 848 2325 ἔσται
906 2251 1196 2327 πάντων
1257 2252 1547 2326 αὖτῶνα.
1639 2263 1752 2327 καὶ
1811 2249 2012 2339 αὖθις
2072 2260 2361 2344 ἐπιλέγει
2422 2261 2570 2327 »καὶ
2615 2258 2820 2325 Δαυὶδ
2882 2248 2921 2325 6
2979 2253 3221 2337 δοῦλός
3312 2262 3347 2316 3

659 2382 790 2441 μου
832 2353 1061 2442 ἄρχων
1105 2351 1341 2426 αὐτῶν
1385 2362 1478 2439 είς
1521 2354 1648 2426 τὸν
1689 2358 1962 2427 αἰῶναι.
2048 2362 2178 2426 θέα
2232 2361 2305 2426 δὲ
2348 2360 2422 2427 ἐν
2480 2361 2690 2427 πᾶσιν
2750 2352 3023 2437 τούτοις
3084 2352 3180 2438 ῶς
3240 2350 3279 2426 6
3317 2362 3443 2418 189

660 2459 783 2540 μὲν
827 2453 989 2536 θεὸς
1033 2450 1116 2525 06
1157 2455 1414 2544 ποιμὴν
1457 2450 1612 2527 οὐδὲ
1656 2454 1891 2543 ἄρχων
1922 2452 2097 2528 ἀλλὰ
2126 2453 2289 2537 θεὸς
2316 2454 2587 2525 ἔσεσθαι
2617 2459 2765 2525 τῶν
2794 2460 2921 2527 τοῦ
2948 2462 3281 2543 μακαρίου

559 2564 628 2621 20
662 2559 902 2633 τέλους
941 2562 1658 2644 καταξιωθήσομένων
1701 2561 1991 2643 λέγεται·
2063 2560 2211 2625 τῶν
2272 2560 2345 2624 δὲ
2404 2550 2639 2624 αὐτῶν
2690 2552 2967 2625 τούτων
3018 2581 3281 2643 προφη-

661 2650 928 2723 τεύεται
999 2650 1228 2740 ἄρχων
1296 2661 1408 2724 καὶ
1469 2654 1728 2743 ποιμὴν
1787 2652 2185 2744 γενήσεσθαι
2246 2647 2285 2724 6
2350 2659 2579 2735 Δαυίδ,
2655 2656 3281 2742 ἐπικεκαλυμμένως

661 2755 968 2824 ἐνταῦθα
1010 2760 1136 2824 τοῦ
1167 2759 1373 2824 Δαυὶδ
1412 2751 1539 2825 τὸν
1569 2752 1871 2842 Χριστὸν
1916 2756 2391 2843 αἰνιττομένου
2432 2750 2541 2823 διὰ
2584 2749 2667 2824 τὸ
2717 2756 2827 2824 »ἐκ
2857 2758 3270 2842 σπέρματος«

663 2847 876 2924 αὐτοῦ
919 2860 1283 2941 γεγονέναι.
1369 2859 1578 2925 τοῦτο
1641 2861 1712 2927 δὲ
1757 2859 1971 2944 δῆλον
2012 2858 2087 2924 ἐκ
2138 2859 2267 2924 τοῦ
2316 2859 2859 2942 προτεθνηκέναι
2903 2851 3029 2924 τὸν
3074 2858 3279 2923 Δαυιδ
3310 2863 3345 2914 4

663 2958 790 3022 τοῦ
830 2949 1080 3040 χρόνου
1119 2949 1279 3022 καθ’
1325 2945 1408 3023 ὃν
1449 2949 1641 3024 ταῦτ’
1687 2957 1972 3042 ἐλέγετο.
2045 2959 2463 3040 σαφέσι-ερον
2504 2957 2579 3022 δὲ
2622 2957 2841 3022 ταῦτα
2881 2958 2993 3022 καὶ
3024 2949 3273 3042 Δανιὴλ

557 3063 626 3118 25
665 3045 702 3122 6
747 3048 1108 3141 προφήτης
1151 3061 1451 3139 θεσπίζει
1497 3051 1620 3123 τὸν
1665 3049 1966 3141 Χριστὸν
2009 3058 2137 3124 τοῦ
2182 3057 2353 3124 θεοῦ
2394 3049 2549 3122 υιὸν
2596 3047 2979 3140 α’νθρῶπου
3039 3047 3281 3138 ὄνομά-

663 3160 804 3236 ζων
846 3159 1102 3234 λευκῶς
1147 3147 1390 3236 οὕτως,
1441 3151 1670 3241 ῶσπερ
1717 3155 1843 3224 οὖν
1884 3161 1997 3224 καὶ
2041 3149 2082 3242 ἦ
2128 3159 2275 3224 τῶν
2316 3155 2523 3238 ἱερῶν
2552 3146 2989 3240 Εῦαγγελίων
3030 3154 3282 3221 εἴωθεν

663 3245 876 3320 αὐτὸν
919 3247 1291 3324 ἀποκαλεῖν
1336 3250 1576 3372 γραφή.
1661 3259 1836 3342 λέγει
1893 3259 1963 3323 δὲ
2024 3258 2281 3324 τοῦτον
2340 3248 2467 3321 τὸν
2530 3245 2819 3338 τρόπον·
2898 3248 3281 3338 »ἐθεώρουν

663 3353 738 3420 ἐν
783 3344 1068 3439 ὁράματι
1112 3358 1236 3441 τῆς
1276 3349 1540 3436 νυκτός,
1585 3359 1696 3421 καὶ
1739 3352 1890 3424 ἰδοῦ
1932 3350 2099 3440 μετὰ
2142 3357 2289 3423 τῶν
2334 3355 2647 3436 νεφελῶν
2690 3354 2815 3420 τοῦ
2860 3345 3155 3438 οὐρανοῦ
3184 3347 3280 3431 ῶς

661 3447 810 3532 υιὸς
869 3445 1252 3537 ἀνθρώπου
1310 3450 1662 3540 ἐρχόμενος
1723 3444 1837 3540 ἦν,
1898 3459 2009 3522 καὶ
2072 3451 2201 3532 ἕως
2262 3456 2390 3522 τοῦ
2448 3454 2744 3520 παλαιοῦ
2804 3455 2951 3520 τῶν
3009 3445 3282 3538 ἡμερῶν

559 3562 628 3616 30
661 3549 989 3635 ἔφθασεν·
1031 3557 1143 3620 καὶ
1184 3557 1618 3639 προσηνέχθη
1663 3547 1939 3640 <αῦτῷ>.
2008 3557 2121 3622 καὶ
2152 3546 2343 3639 αὐτῷ
2386 3544 2667 3637 ἐδόθη“
2626 3577 2669 3638 η
2700 3545 2867 3637 ἀρχὴ
2894 3555 3007 3619 καὶ
3048 3545 3089 3638 ἡ
3123 3546 3279 3637 τιμὴ

663 3654 773 3718 καὶ
829 3644 868 3736 ἦ
922 3656 1247 3734 βασιλεία,
1310 3655 1422 3721 καὶ
1450 3647 1734 3772 πάντες
1777 3655 1844 3722 οἱ
1888 3658 2065 3725 λαοί,
2114 3656 2343 3737 φυλαί,
2405 3653 2702 3736 γλῶσσαι
2764 3643 2954 3738 αὐτῷ
3016 3646 3278 3721 δουλεύ-

663 3771 918 3820 σουσιν·
991 3743 1031 3837 ἦ
1073 3753 1340 3836 ἐξουσία
1384 3746 1596 3820 αὐτοῦ
1639 3753 1905 3836 ἐξουσία
1956 3751 2232 3830 αἰώνιος
2287 3744 2435 3836 η’τις
2480 3743 2561 3819 06
2608 3746 3111 3835 παρελεύσεται,
3164 3753 3277 3817 καὶ
3309 3765 3345 3818 5

663 3841 704 3935 ἦ
749 3856 1044 3932 βασιλεία
1100 3844 1315 3919 αὐτοῦ
1375 3845 1456 3918 06
1517 3846 2117 3938 διαφθαρήσεταιι.
2202 3852 2487 3938 συνορᾷς
2550 3843 2647 3930 ῶς
2704 3854 2818 3917 καὶ
2868 3851 2944 3918 ἐν
3004 3845 3279 3929 τούτοις

665 3945 1036 4034 ἄφθαρτον
1077 3955 1188 4016 καὶ
1232 3944 1463 4038 ἀγήρω
1503 3956 1620 4019 καί
1663 3945 2122 4038 ἀτελεύτητον
2166 3944 2249 4019 06
2291 3953 2417 4018 τοῦ
2448 3944 2657 4035 λόγου
2698 3953 2825 4018 τοῦ
2867 3952 2941 4019 ἐν
2985 3953 3086 4037 τῷ
3132 3953 3279 4036 θεῷ

830 4115 869 4170 4
905 4115 995 4170 ΕΖ.
1032 4119 1114 4182 34,
1151 4121 1232 4172 11.
1272 4119 1336 4171 12
1373 4148 1439 4157 -
1479 4120 1507 4174 7
1550 4117 1644 4174 Ez.
1681 4121 1762 4182 34,
1800 4120 2005 4175 22—25
2040 4147 2105 4158 -—
2146 4117 2221 4173 18
2256 4116 2349 4172 ΕΖ.
2386 4117 2469 4182 37,
2506 4117 2586 4171 23.
2624 4117 2692 4171 24
2737 4145 2803 4156 -
2856 4116 2926 4171 17
2968 4115 3060 4171 Ez.
3098 4117 3178 4182 37,
3214 4116 3282 4172 ‘25

661 4245 728 4256 —
766 4218 843 4272 22
881 4216 1036 4272 Rom.
1074 4221 1121 4284 1,
1159 4221 1190 4274 3
1227 4249 1292 4257 —
1328 4220 1398 4275 27
1443 4219 1580 4274 Dan.
1617 4223 1664 4287 7,
1704 4223 1784 4277 13.
1823 4223 1889 4275 14
1926 4217 1987 4276 Θ’

837 4366 864 4421 1
923 4367 1044 4422 hier
1094 4385 1142 4422 a.
1179 4369 1243 4422 R.
1288 4365 1352 4434 ις’
1409 4370 1457 4422 V
1537 4373 1546 4437 1
1627 4366 2145 4444 ἐπισφραγίσεσθαι
2182 4369 2247 4438 V,
2300 4385 2437 4423 σοι-τ.
2495 4366 2600 4422 We
2664 4371 2673 4437 Ι
2740 4368 2776 4422 2
2830 4367 3133 4440 βεβαίωσιν
3180 4367 3281 4422 καὶ

662 4468 972 4524 atomum?
1007 4469 1100 4524 Mo
1149 4471 1158 4538 Ι
1221 4467 1466 4544 μάρτυρι
1503 4489 1558 4525 m
1592 4473 1878 4547 μαρτυρίᾳ
1910 4472 1960 4526 V
2006 4473 2015 4540 l
2063 4473 2101 4528 8
2139 4464 2377 4540 ίεζεκιῆλ
2412 4469 2491 4523 V2
2534 4472 2545 4538 Ι
2600 4471 2693 4539 6ὴῖ
2726 4472 2822 4524 etr.
2858 4468 2945 4524 Ga
3006 4469 3016 4536 Ι
3078 4469 3117 4524 9
3154 4484 3279 4522 ποι-

661 4568 826 4640 μένα]
865 4577 928 4636 -Ι-
965 4565 1064 4626 ἕνα
1101 4573 1248 4625 LXX
1278 4575 1287 4641 Ι
1339 4573 1413 4628 15
1449 4573 1592 4629 λαόν
1631 4574 1792 4644 V*(‘?)
1831 4575 1978 4628 LXX
2011 4569 2162 4629 λεών
2200 4572 2276 4624 V2
2319 4571 2331 4638 Ι
2388 4570 2464 4627 16
2498 4569 2730 4640 ποιμὴν]
2768 4577 2833 4634 -Ι-
2868 4561 2949 4635 εἷς
2984 4569 3129 4623 LXX
3158 4571 3167 4636 Ι
3198 4568 3279 4624 80

663 4670 814 4744 αὐτῷ
851 4673 922 4726 Kl
957 4674 1099 4728 nach
1137 4673 1282 4727 LXX
1335 4677 1343 4742 Ι
1396 4675 1521 4728 καὶ2
1552 4675 1642 4730 ub.
1681 4675 1731 4730 d.
1773 4677 1827 4730 Z.
1868 4676 1941 4728 V1
2004 4677 2012 4744 Ι
2078 4674 2157 4730 82
2197 4667 2428 4736 αἰώνιος
2462 4689 2520 4725 m
2554 4669 2764 4737 αἰῶνος
2800 4671 2849 4724 V
2884 4671 3053 4741 (Lxx
3089 4671 3207 4738 130)
