3694 5582
1 13 294 238 ff

1 245 8 356 f

1075 533 1144 589 de
1177 533 1548 589 ecclesiastica
1579 532 1865 604 theologia.
1897 535 1949 589 11
1983 535 2065 590 25.
2116 534 2196 588 III
2232 537 2278 588 1·
2878 543 2993 604 137

1635 747 1737 816 Γ.
3038 770 3155 826 146

1323 894 1740 984 Κεφάλαια
1783 905 1927 968 τοῦ
1972 897 2047 987 γ’.

422 1046 474 1108 α’
511 1047 590 1118 ὣς
623 1052 980 1124 διαστρόφως
1015 1053 1048 1108 ὁ
1087 1051 1428 1124 Μάρκελλος
1460 1049 1563 1116 τὰς
1596 1053 1760 1116 θείας
1795 1052 2025 1124 γραφὰς
2060 1048 2387 1124 ἑρμηνεύειν
2423 1051 2652 1122 ἐτόλμα.

418 1131 476 1210 β’
511 1133 667 1202 ὅπως
699 1135 768 1193 τὸ
826 1135 1047 1210 »κύριος
1099 1132 1314 1193 ἔκτισεν
1356 1154 1430 1204 με
1483 1133 1663 1208 ἀρχὴν
1716 1136 1869 1192 ὁδῶν
1917 1135 2121 1192 αὖτοῦ«
2171 1139 2271 1193 καὶ
2316 1135 2385 1194 τὰ
2434 1137 2616 1210 τούτῳ
2672 1138 2997 1210 συνημμένα

305 1223 339 1274 5
515 1228 744 1286 νοεῖται,
781 1225 880 1278 καὶ
915 1217 1073 1288 ὅπως
1105 1222 1177 1277 τὰ
1214 1217 1356 1278 αὐτὰ
1379 1217 1721 1292 Μάρκελλος
1755 1219 1853 1277 ἐπὶ
1884 1223 1986 1289 τὴν
2022 1219 2207 1294 σάρκα
2240 1230 2346 1277 τοῦ
2383 1233 2638 1294 σωτῆρος
2670 1232 2927 1295 μετῆγεν.

419 1301 471 1376 γ’
507 1301 742 1379 ἔλεγχος
774 1314 891 1363 τῶν
927 1304 1031 1363 οὐκ
1066 1303 1260 1380 ὀρθῶς
1311 1303 1392 1370 εἰς
1438 1305 1569 1371 τοὺς
1611 1305 1823 1371 τόπους
1868 1303 2023 1380 αὐτῷ
2075 1306 2430 1377 λελεγμένων
2492 1311 2590 1364 καὶ
2640 1315 2757 1364 τῶν
2810 1305 2998 1366 αὐτῶν

513 1386 671 1461 ὑγιὴς
705 1387 992 1464 ἑρμηνεία.
1818 1383 1822 1386 ’
2305 1397 2309 1400 “

431 1471 478 1530 δ’
515 1471 671 1542 ὅπως
705 1473 1060 1548 Μάρκελλος,
1094 1475 1174 1543 μὴ
1213 1476 1417 1540 συνιεὶς
1450 1472 1552 1540 τὰς
1596 1473 1849 1547 γραφάς,
1901 1476 2039 1544 μίαν
2082 1469 2231 1532 εἶναι
2275 1470 2511 1548 ὡρίζετο
2550 1473 2864 1533 ὑπόστασιν
2898 1497 3001 1532 πα-

511 1559 648 1632 τρὸς
679 1562 779 1615 καὶ
811 1555 940 1615 υἱοῦ
973 1561 1072 1614 καὶ
1105 1555 1272 1628 ἁγίου
1307 1558 1642 1628 πνεύματος.

271 1649 341 1702 10
429 1641 474 1703 ε’
513 1639 668 1711 ὅπως
705 1643 737 1700 ὁ
774 1645 959 1714 σωτὴρ
995 1645 1125 1714 περὶ
1159 1651 1262 1699 τοῦ
1296 1639 1461 1714 ἁγίου
1497 1643 1819 1714 πνεύματος
1856 1641 2159 1702 ἐδίδασκεν.

429 1721 474 1794 ς’
509 1724 667 1794 ὅπως
700 1730 734 1798 ἡ
770 1725 1036 1797 ἐκκλησία
1073 1731 1204 1801 περὶ
1253 1727 1474 1799 πατρὸς
1518 1718 1617 1785 καὶ
1651 1727 1778 1784 υἱοῦ
1829 1731 1928 1785 καὶ
1972 1725 2137 1800 ἁγίου
2188 1728 2513 1798 πνεύματος
2547 1736 2783 1802 φρονεῖν
2817 1747 2999 1800 παρα·

511 1814 748 1872 δίδωσιν.

428 1895 474 1966 ζ’
513 1893 668 1964 ὅπως
685 1899 1027 1972 Μάρκελλος
1050 1899 1153 1966 τὴν
1181 1894 1377 1955 εἰκόνα
1404 1905 1510 1954 τοῦ
1537 1901 1680 1955 θεοῦ
1707 1906 1811 1954 τοῦ
1839 1897 2091 1969 ἀοράτου
2109 1901 2210 1968 τὴν
2230 1901 2413 1970 σάρκα
2432 1892 2580 1956 εἶναι
2596 1901 2997 1970 διεβεβαιοῦτο.

429 1978 477 2052 η’
516 1978 675 2048 ὅπως
711 1982 742 2040 ὁ
780 1981 952 2048 αὐτὸς
983 1982 1158 2053 μηδὲν
1195 1979 1439 2054 ὠφελεῖν
1476 1985 1578 2051 τὴν
1614 1981 1799 2054 σάρκα
1834 1990 1939 2039 τοῦ
1975 1989 2230 2056 σωτῆρος
2265 1981 2633 2055 ἀπεφαίνετο.
2675 1986 2684 2052 Ι
3038 1982 3147 2039 147

273 2072 340 2125 15
420 2063 478 2123 θ’
517 2063 672 2133 ὅπως
707 2070 1276 2138 καταλειφθήσεσθαι
1311 2066 1372 2124 ἐν
1407 2074 1486 2139 τῷ
1523 2075 1626 2123 τοῦ
1660 2069 1874 2133 παντὸς
1915 2067 2066 2124 τέλει
2112 2070 2213 2137 τὴν
2249 2067 2434 2138 σάρκα
2468 2076 2570 2124 τοῦ
2606 2073 2859 2140 σωτῆρος
2896 2075 3000 2124 τοῦ

511 2154 688 2223 λόγου
723 2148 941 2224 ἔρημον
975 2151 1188 2223 ἐτόλμα
1225 2151 1424 2222 λέγειν.

441 2231 477 2293 ι’
515 2237 688 2294 ὁποῖα
726 2235 788 2293 αὶ
820 2241 977 2295 θεῖαι
1007 2239 1226 2310 γραφαὶ
1261 2240 1394 2310 περὶ
1427 2243 1526 2306 τῆς
1562 2236 1775 2309 σαρκὸς
1807 2245 1912 2293 τοῦ
1948 2242 2201 2306 σωτῆρος
2234 2234 2617 2304 διδάσκουσιν,
2669 2238 2769 2292 καὶ
2812 2231 2893 2301 ὥς
2926 2235 2997 2292 τὰ

514 2318 741 2378 ἐναντία
772 2321 1116 2395 Μάρκελλος
1150 2320 1397 2397 ἐφρόνει.

397 2399 476 2463 ια’
514 2402 670 2472 ὅπως
701 2409 780 2476 μὴ
816 2409 1028 2476 νοήσας
1077 2409 1179 2476 τὴν
1232 2406 1601 2479 εὖαγγελικὴν
1652 2408 1849 2476 φωνὴν
1902 2406 2289 2474 σκανδαλίζειν
2342 2400 2448 2476 ἔφη
2500 2407 2603 2475 τὴν
2658 2405 2841 2478 σάρκα
2895 2410 2997 2462 τοῦ

272 2498 340 2552 20
512 2497 767 2561 σωτῆρος
799 2493 898 2546 καὶ
931 2489 1104 2560 μηδὲν
1141 2487 1402 2560 ὠφελεῖν.

397 2571 472 2649 ιβ’
509 2572 777 2649 ἑρμηνεία
813 2581 912 2644 τῆς
944 2573 1310 2646 εὐαγγελικῆς
1342 2575 1560 2642 λέξεως.

396 2650 471 2731 ιγ’
509 2651 668 2726 ὅπως
701 2662 802 2730 τὴν
848 2667 952 2717 τοῦ
984 2659 1238 2732 Χριστοῦ
1279 2661 1570 2732 βασιλείαν
1615 2657 1794 2733 ἀρχὴν
1840 2657 1948 2728 μὲν
1983 2656 2273 2728 εἰληφέναι
2322 2661 2425 2728 τὴν
2462 2657 2576 2717 ἀπὸ
2614 2659 2997 2733 τετρακοσίων

511 2740 653 2801 ἐτῶν
687 2744 849 2811 τέλος
882 2743 942 2802 δὲ
978 2739 1124 2812 ἕξειν
1161 2741 1223 2801 ἐν
1256 2751 1329 2815 τῇ
1365 2745 1653 2821 συντελείᾳ
1689 2746 2093 2818 διεβεβαιοῦτο,
2130 2743 2509 2817 διαστρόφους
2531 2744 2875 2815 ποιούμενος
2896 2744 2998 2811 τὰς

510 2835 626 2887 τῶν
659 2831 836 2887 θείων
869 2836 1113 2902 γραφῶν
1149 2827 1464 2904 ἑρμηνείας.

272 2918 337 2973 25
406 2914 474 2971 ιδ’
511 2910 800 2985 ἐξηγήσεις
833 2921 934 2983 τῆς
967 2912 1161 2985 ὑγιοῦς
1194 2916 1450 2981 διανοίας
1482 2920 1602 2970 τῶν
1635 2912 2123 2984 ἀναγνωσμάτων.

407 2994 474 3055 ιε’
511 2994 670 3066 ὅπως
702 2994 923 3072 εἴρηται
957 2998 1028 3056 τὰ
1063 2998 1252 3056 πάντα
1288 2996 1755 3069 ὑποταγήσεσθαι
1789 3005 1870 3072 τῷ
1905 2994 2009 3071 υἱῷ
2042 3000 2141 3054 καὶ
2176 2995 2351 3055 αὐτὸν
2386 3006 2467 3073 τῷ
2502 3002 2691 3064 πατρὶ.

403 3083 472 3150 ις’
506 3078 668 3151 ὅπως
702 3080 922 3158 εἴρηται
957 3090 1038 3157 τῷ
1073 3080 1381 3158 ἀποστόλῳ
1417 3085 1484 3140 τὸ
1525 3083 1686 3141 »τότε
1722 3078 1881 3139 ἔσται
1917 3082 1950 3139 ὁ
1982 3084 2121 3148 θεὸς
2154 3082 2225 3141 τὰ
2262 3083 2449 3140 πάντα
2486 3082 2547 3140 ἐν
2582 3089 2803 3139 πᾶσινι.
2844 3084 2949 3140 75v

405 3165 476 3237 ιζ’
511 3163 669 3235 ὅπως
705 3165 766 3224 αἱ
797 3172 956 3224 θεῖαι
990 3172 1210 3241 γραφαὶ
1245 3168 1316 3225 τὰ
1360 3172 1490 3241 περὶ
1525 3175 1624 3238 τῆς
1665 3174 1774 3226 τοῦ
1817 3174 2072 3239 σωτῆρος
2106 3167 2269 3236 ἡμῶν
2304 3164 2676 3235 ἀτελευτήτου
2708 3167 2998 3240 βασιλείας

508 3259 885 3325 παριστῶσιν,
948 3256 1046 3309 καὶ
1098 3248 1180 3319 ὡς
1213 3252 1554 3326 Μάρκελλος
1605 3258 1790 3324 γυμνῇ
1842 3259 1913 3323 τῇ
1963 3256 2185 3321 κεφαλῇ
2236 3254 2640 3321 παυθήσεσθαι
2684 3250 2863 3308 αὐτοῦ
2895 3254 2996 3319 τὴν

270 3343 336 3397 30
509 3339 802 3409 βασιλείαν
837 3332 1205 3407 ἀπεφαίνετο.

401 3416 472 3491 ιη’
509 3414 670 3487 ὅπως
705 3418 768 3476 ἐν
801 3426 870 3489 τῆ
902 3424 1161 3497 βασιλείᾳ
1195 3428 1304 3479 τοῦ
1341 3420 1467 3479 υἱοῦ
1499 3418 1561 3477 ἓν
1595 3424 1933 3493 γενήσονται
1966 3418 2177 3484 πάντες
2212 3416 2268 3475 οἳ
2300 3430 2399 3487 τῆς
2420 3420 2551 3477 τότε
2575 3419 2999 3492 μακαριότητος

507 3504 854 3575 ἀξιούμενοι.

390 3587 468 3647 ιθ’
508 3584 599 3647 ὅτι
643 3583 842 3663 ὥσπερ
879 3590 911 3647 ὁ
946 3594 1135 3664 πατὴρ
1170 3593 1268 3648 καὶ
1304 3590 1337 3647 δ
1372 3587 1495 3655 υἱὸς
1527 3586 1589 3646 ἓν
1623 3584 1771 3647 εἶναι
1804 3591 2097 3661 λέγονται,
2156 3583 2307 3645 οὕτω
2361 3591 2460 3646 καὶ
2511 3587 2721 3655 πάντες
2764 3582 2995 3646 ἔσονται

506 3672 564 3731 02
597 3668 766 3745 ἅγιοι.
808 3733 811 3736 ,

267 3768 332 3823 35
416 3752 470 3815 κ’
506 3752 600 3816 ὅτι
635 3755 714 3825 ὼς
750 3758 782 3813 ὁ
819 3762 1006 3833 πατὴρ
1041 3756 1103 3817 ἐν
1137 3766 1219 3833 τῷ
1253 3755 1373 3833 υἱῷ,
1409 3761 1508 3815 καὶ
1544 3758 1576 3815 ὁ
1613 3756 1734 3825 υἱὸς
1767 3756 1830 3816 ἐν
1866 3768 1947 3834 τῷ
1981 3762 2177 3832 πατρί,
2233 3754 2383 3816 οὕτω
2428 3760 2526 3815 καὶ
2560 3754 2621 3813 ἐν
2657 3764 2776 3824 τοῖς
2812 3752 2996 3827 ἁγίοις

503 3838 716 3900 ἅπασιν
756 3838 928 3900 ἔσται.

366 3924 458 3985 κα’
505 3918 666 3994 ὅπως
695 3930 804 4001 χρὴ
841 3936 998 3984 νοεῖν
1030 3928 1098 3985 τὸ
1139 3927 1202 3984 »ὁ
1239 3922 1510 3999 ἑωρακὼς
1543 3924 1646 3997 ἐμὲ
1683 3926 1943 4001 ἑώρακεν
1974 3930 2075 3986 τὸν
2112 3928 2382 4001 πατέραει.
2448 3930 2456 3996 Ι
3030 3924 3147 3982 148

533 4116 574 4183 1
615 4104 678 4178 ‘0
721 4114 846 4198 μὲν
875 4100 1000 4181 οὖν
1042 4113 1243 4197 μέγας
1283 4104 1752 4198 εὖαγγελιοτὴς
1779 4105 2094 4198 Ἰωάννης
2140 4107 2269 4198 τὴν
2302 4114 2429 4181 τοῦ
2458 4114 2767 4197 σωτῆρος
2796 4104 2991 4196 ἡμῶν
3060 4103 3169 4175 (ὥς
3216 4111 3329 4164 δια-

369 4216 734 4298 θεολογίαν
795 4208 926 4280 τὸν
988 4205 1430 4280 άποδοθέντα
1491 4205 1758 4294 τρόπον
1819 4205 2169 4297 διαφόρως
2229 4204 2715 4298 εὐηγγελίζετο·
2802 4206 2989 4295 Μάρ-
3023 4174 3365 4315 ῧὲέξῇἶῖοἰ

271 4322 336 4377 40
369 4320 614 4391 κελλος
673 4303 732 4378 d'
795 4300 984 4391 ὅπως
1045 4304 1306 4396 ταύτην
1367 4302 1824 4396 ἀρνησάμενος
1886 4310 1997 4379 ἐπὶ
2051 4306 2182 4396 τὴν
2224 4303 2588 4396 Ἰουδαϊκὴν
2638 4307 2991 4393 ἐξώκειλεν
3025 4310 3129 4377 τὰς
3197 4312 3365 4375 θείας

3026 4377 3256 4477 γραφὰρ
3275 4374 3359 4447 ἑο-

542 4513 574 4567 1
613 4506 680 4565 Γ
715 4528 814 4567 vor
850 4512 905 4567 Z.
929 4512 998 4567 38
1033 4512 1094 4565 in
1129 4511 1180 4566 V
1227 4514 1234 4580 Ι
1285 4511 1468 4568 8—37
1512 4512 1600 4566 die
1636 4510 1861 4582 Kapibel
1900 4528 1960 4567 so
1994 4512 2055 4566 in
2089 4532 2161 4577 m,
2198 4512 2259 4566 in
2283 4510 2335 4563 V
2370 4513 2520 4567 steht
2552 4509 2773 4567 beiden
2807 4512 2991 4566 ersten
3059 4466 3327 4583 ἔτῒλῖοῗιζ

373 4613 572 4669 beiden
605 4613 736 4668 kain
755 4610 1126 4675 Zahlzeichem
1163 4613 1254 4669 bei
1289 4615 1342 4668 Z.
1379 4616 1412 4670 6
1445 4607 1498 4686 β’
1533 4630 1666 4669 usw.
1697 4613 1708 4679 Ι
1741 4613 1818 4668 18
1852 4614 1956 4681 τὴν
1972 4617 2065 4668 etr.
2086 4614 2177 4679 V²‚
2217 4612 2360 4669 doch
2394 4612 2507 4682 vgl.
2532 4612 2584 4667 S.
2603 4614 2719 4679 105,
2739 4610 2832 4667 ΒΕ
2871 4614 2877 4680 Ι
2910 4613 2984 4667 27

263 4730 274 4739 ·
368 4715 434 4770 τὸ
455 4716 533 4770 V2
548 4732 611 4771 τε
627 4714 798 4774 V*<
818 4714 1096 4779 S.174‚9R
1125 4716 1134 4783 l
1167 4714 1238 4769 87
1263 4714 1484 4771 hiemuf
1509 4714 1571 4769 in
1589 4715 1662 4769 V:
1699 4712 1983 4784 κεφάλαια
2002 4722 2106 4772 τοῦ
2138 4721 2174 4769 ἴ
2208 4715 2387 4784 λόγου
2418 4714 2553 4783 (sic).
2584 4714 2593 4782 1
2624 4710 2991 4770 38-4413112
