3694 5582
1340 497 1534 550 contra
1566 493 1892 549 Marcellum
1926 492 1953 546 I
1986 495 2038 546 4.
2916 497 2995 559 29

498 654 620 728 δύο
660 661 846 741 εἰσίν,
893 653 1106 729 αὐτοῦ
1133 661 1262 729 τοῦ
1287 664 1526 744 κυρίου
1562 659 2075 747 μαρτυροῦντος
2102 662 2215 725 καὶ
2256 661 2408 727 τῶν
2450 651 2665 741 ἆγίων
2710 661 2995 743 γραφῶν

498 761 573 828 ἐκ
631 763 875 846 μέρους
935 752 1329 846 ἠκούσαμεν.
1412 759 1470 828 εἰ
1529 765 1767 830 τοίνυν
1829 751 2213 844 Νάρκισσος
2276 753 2385 826 διὰ
2445 759 2657 826 τοῦτο
2718 760 2997 844 διαιρεῖν

498 853 773 946 δυνάμει
831 853 960 927 τὸν
1032 852 1241 945 λόγον
1302 862 1429 930 τοῦ
1495 856 1759 946 πατρὸς
1831 860 2089 940 ἐθέλοι,
2149 854 2401 943 γνοῦτω
2464 845 2575 925 ότι
2636 847 2674 924 6
2734 851 2998 944 γράψας

499 952 864 1046 προφήτης
925 955 1022 1039 οὖς
1081 961 1207 1028 τοῦ
1265 961 1438 1028 θεοῦ
1495 952 1845 1045 εἰρηκότος
1911 954 2343 1047 »ποιήσωμεν
2401 953 2781 1041 ἄνθρωπον
2845 949 2995 1026 κατ’

303 1065 338 1116 5
500 1050 731 1127 εἰκόνα
775 1051 1108 1145 ἡμετέραν
1135 1061 1248 1127 καὶ
1277 1053 1437 1128 καθ’
1471 1051 1856 1147 δμοίωσινι,
1901 1053 2109 1140 αυτὸς
2136 1061 2471 1144 γέγραφεν
2506 1061 2650 1125 »καὶ
2682 1059 2997 1143 ἐποίησεν

501 1149 540 1226 6
585 1152 748 1236 θεὸς
791 1153 922 1226 τὸν
967 1153 1412 1244 ανθρωπονε.

371 1260 484 1325 καὶ
527 1253 820 1342 μεταβὰς
861 1251 1000 1326 άπὸ
1045 1263 1432 1344 Ναρκίσσου
1473 1260 1584 1327 ἐπὶ
1625 1253 1754 1327 τὸν
1796 1243 2139 1342 Ἀστέριον
2181 1261 2401 1328 ταῦτα
2446 1250 2689 1344 γράφει
3032 1267 3099 1321 56

207 1409 221 1423 .
245 1394 348 1454 fay,
499 1357 636 1438 (Nr.
697 1357 804 1443 63)
873 1357 948 1425 ἓν
1007 1352 1134 1444 γὰρ
1193 1355 1362 1427 εἶναι
1419 1363 1534 1427 καὶ
1601 1351 1863 1427 ταύτὸν
1919 1351 2254 1446 Ἀστέριος
2312 1352 2489 1426 κατὰ
2560 1359 2769 1425 τοῦτο
2840 1379 2997 1424 απε-

341 1471 426 1524 l
502 1450 776 1543 φήνατο
843 1450 1064 1542 μόνον
1135 1453 1263 1528 τὸν
1331 1462 1596 1544 πατέρα
1663 1463 1775 1526 καὶ
1845 1453 1974 1528 τοι
2040 1452 2221 1540 υἱόν,
2293 1450 2463 1526 καθ’
2536 1447 2573 1524 3
2645 1458 2719 1525 ἐν
2788 1458 3000 1524 πᾶσιν

271 1570 340 1624 10
502 1560 1002 1643 συμφωνοῦσιν.
1087 1582 1280 1627 ουτω
1325 1553 1452 1644 γὰρ
1497 1559 1652 1646 ἔφη·
1723 1563 1855 1627 καὶ
1914 1555 2041 1627 διὰ
2102 1554 2251 1645 τὴν
2302 1559 2386 1626 ἐν
2438 1559 2681 1626 πᾶσιν
2725 1549 2998 1640 λόγοις

499 1681 583 1724 τε
654 1660 781 1723 καὶ
843 1655 1107 1744 εργοις
1168 1651 1448 1744 άκριβῆ
1507 1664 1983 1746 συμφωνίαν
2056 1657 2241 1744 »ἐγω
2305 1660 2434 1726 καὶ
2494 1649 2533 1726 6
2592 1652 2856 1743 πατὴρ
2916 1651 2998 1723 ἕν

501 1756 793 1843 ἐσμενα

371 1859 486 1924 καὶ
529 1850 747 1926 πάλιν
789 1859 916 1926 τοῦ
959 1849 1280 1942 Εὖσεβίου
1319 1851 1754 1975 καθάπτεται
1797 1861 2022 1945 λέγων

503 1957 641 2041 (Nr.
687 1962 790 2040 89)
837 1952 1228 2044 ἄνθρωπον
1286 1951 1414 2042 γὰρ
1475 1952 1604 2025 τὸν
1648 1960 1929 2044 σωτῆρα
1972 1957 2143 2026 εἶναι
2194 1952 2587 2040 βούλονται·
2660 1957 2875 2041 δῆλον
2926 1956 2999 2022 δὲ

269 2069 338 2121 15
503 2048 621 2139 ἀφ’
685 2080 788 2123 ων
831 2050 1238 2142 πανούργως
1303 2053 1391 2125 τὰ
1450 2058 1578 2124 τοῦ
1638 2051 2035 2128 ἀποστόλου
2094 2053 2267 2144 ρητὰ
2312 2049 2629 2136 Εὐσέβιος
2686 2049 2863 2142 πρὸς
2913 2049 2999 2122 τὸ

507 2154 752 2226 ἑαυτοῦ
803 2150 1212 2244 μετήνεγκεν
1271 2151 1589 2244 βούλημα.
1674 2151 1771 2237 αἷς
1833 2153 1961 2242 γὰρ
2019 2158 2094 2225 ἐκ
2156 2158 2452 2236 παλαιᾶς
2504 2179 2695 2234 τινος
2750 2147 2999 2233 ωδῑνος
3034 2165 3101 2220 56

503 2260 823 2341 μεγίστην
883 2247 1262 2342 ἀποκυῆσαι
1318 2249 1730 2344 βουλόμενος
1789 2261 2245 2342 βλασφημίαν,
2324 2256 2613 2339 »ἐξέχεεν
2673 2247 2811 2322 ἀπὸ
2871 2254 3001 2321 τοῦ

505 2356 684 2423 ἰδίου
740 2358 1121 2442 θησαυροῦ(
1197 2353 1372 2424 κατὰ
1442 2352 1576 2442 τὴν
1634 2359 1764 2426 τοῦ
1822 2359 2136 2442 σωτῆρος
2188 2353 2385 2442 ῥῆσιν
2450 2348 2567 2422 »τὸ
2627 2347 3001 2438 πονηρόνι.

507 2450 894 2541 ανθρωπον
935 2451 1061 2541 γὰρ
1103 2449 1324 2542 μόνον
1366 2451 1494 2524 τὸν
1536 2459 1815 2543 σωτῆρα
1847 2459 2053 2539 δεῖξαι
2082 2447 2511 2540 βουλόμενος,
2558 2479 2655 2531 ως
2682 2454 3001 2538 μέγιστον
3035 2457 3101 2512 57

268 2573 340 2629 20
507 2545 666 2639 ἡμῖν
711 2545 1108 2640 ἀπόρρητον
1151 2559 1278 2624 τοῦ
1321 2547 1718 2625 ἀποστόλου
1757 2550 2265 2626 ἀνακαλύπτων
2315 2547 2716 2640 μυστήριον,
2778 2539 3003 2630 οὕτως

508 2653 662 2740 ἔφη·
735 2648 858 2720 διὸ
920 2655 1380 2737 σαφέστατα
1441 2658 1572 2723 καὶ
1633 2681 1672 2724 ο
1740 2662 1965 2734 θεῖος
2026 2647 2480 2733 απόστολος
2543 2647 2691 2738 τὴν
2760 2643 3003 2734 ἀπόρ-

501 2776 747 2838 ρητον
801 2743 983 2838 ἡμῖν
1042 2756 1170 2822 καὶ
1213 2751 1603 2842 μυστικὴν
1661 2751 2151 2843 παραδιδοὺς
2209 2755 2641 2837 θεολογίαν
2684 2751 2829 2841 βοᾷ
2872 2755 3002 2819 καὶ

505 2856 886 2939 κέκραγεν
936 2847 1087 2933 »εἷς
1129 2846 1170 2921 6
1213 2848 1464 2936 θεόςι,
1509 2854 1682 2923 εἶτα
1722 2850 1917 2941 μετὰ
1960 2850 2105 2923 τὸν
2154 2852 2288 2923 ἕνα
2334 2848 2530 2923 θεόν
2566 2871 2809 2939 φησιν
2858 2848 3003 2931 »εἷς

505 2957 826 3038 μεσίτης
873 2955 1069 3021 θεοῦ
1113 2958 1244 3020 καὶ
1281 2948 1768 3041 ἀνθρώπων,
1817 2950 2252 3039 ἄνθρωπος
2284 2948 2627 3039 Χριστὸς
2657 2946 3002 3039 Ἰησοῦςι.

265 3072 336 3126 25
507 3054 566 3119 εἰ
623 3052 862 3121 τοίνυν
927 3046 1311 3139 ἄνθρωπον
1370 3048 1586 3124 αὐτὸν
1643 3052 1814 3123 εἶναί
1876 3074 2082 3141 φησιν
2139 3058 2226 3139 τῇ
2284 3049 2461 3122 κατὰ
2524 3047 2737 3140 σάρκα
2789 3046 3003 3121 αὐτοῦ
3036 3058 3105 3115 58

505 3143 681 3235 μόνῃ
723 3154 1083 3237 προσέχων
1127 3154 1508 3242 οἰκονομία,
1553 3149 1834 3233 πάντως
1877 3148 2149 3223 κάκεῖνο
2194 3160 2665 3239 συνομολογετ,
2710 3148 2796 3222 τὸ
2838 3156 3003 3239 μηδὲ

506 3249 681 3335 ἔχειν
717 3251 958 3319 ἐλπίδα
1003 3244 1107 3319 ἐπ’
1153 3244 1382 3322 αὐτόν.
1475 3250 2042 3338 »ἐπικατάρατοςι
2095 3249 2218 3340 γὰρ
2270 3249 2717 3341 »ἄνθρωποςι
2766 3244 2805 3320 6
2836 3276 3002 3337 προ-

479 3344 732 3465 yrjtnc
771 3341 1078 3436 Ἱερεμίας
1123 3350 1252 3435 ἔφη
1303 3342 1416 3432 »ὃς
1461 3350 1590 3439 τὴν
1633 3355 1877 3423 ἐλπίδα
1922 3354 2049 3439 ἔχει
2091 3346 2196 3420 ἐπ’
2243 3348 2685 3437 ανθρωπονι.

379 3441 549 3538 ὁρᾷς
593 3472 786 3528 οπως
831 3441 872 3534 ἦ
915 3454 1116 3518 κακία
1176 3448 1589 3535 τυφλώττει.
1673 3447 1834 3521 τότε
1898 3456 2063 3538 γοῦν
2118 3446 2323 3532 αὐτὸς
2365 3445 2791 3538 μαρτυρήσας
2831 3445 3004 3519 θεὸν
3038 3460 3107 3516 59

270 3570 342 3623 30
381 3540 847 3664 ὁμολογοῦντι
878 3545 1016 3639 τρν
1056 3544 1251 3633 υἱόν,
1292 3545 1726 3638 μεμφόμενός
1787 3578 1863 3619 τε
1908 3552 2017 3620 ἐπὶ
2064 3577 2293 3639 τουτῳ
2357 3578 2461 3631 ως
2520 3547 2720 3620 θεὸν
2778 3536 3005 3639 ουσία

379 3652 512 3717 καὶ
583 3634 911 3735 δυναμει
970 3642 1396 3734 υφεστῶτα
1471 3645 1615 3719 τὸν
1675 3655 1818 3719 τοῦ
1880 3654 2077 3719 θεοῦ
2138 3644 2383 3737 λόγον
2442 3643 2804 3736 εἰσάγοντι,
2878 3652 3007 3717 νῦν

383 3743 516 3816 τὸν
574 3741 791 3817 αυτὸν
861 3767 1284 3833 συκοφαντεῖ
1350 3776 1448 3829 ως
1527 3746 1738 3834 ψιλον
1808 3747 2197 3837 ἄνθρωπον
2263 3754 2555 3835 λέγοντα
2632 3748 2803 3819 εἶναι
2878 3744 3005 3819 τὸν
3112 3776 3119 3783 ·

383 3842 712 3971 ζΧριστόν,
771 3853 1154 3933 προφανῶς
1213 3840 1805 3938 καταψευδόμενος
1858 3850 1932 3919 ἔν
1992 3876 2069 3919 τε
2130 3845 2237 3929 οἷς
2278 3850 2540 3936 εἴρηκεν
2595 3854 2708 3918 καὶ
2772 3852 2847 3919 ἐν
2904 3846 3007 3929 οἶς

383 3944 538 4034 εξῆς
579 3940 812 4033 ἐπάγει
850 3937 1052 4029 αὖθις
1093 3952 1245 4035 περὶ
1289 3942 1504 4019 αυτοῦ
1547 3953 1769 4036 λέγων

557 4164 596 4220 4
636 4164 771 4221 Gen.
811 4169 857 4231 1,
892 4166 961 4221 26
1003 4196 1070 4205 -
1114 4166 1151 4221 5
1191 4166 1324 4222 Gen.
1363 4170 1410 4233 1,
1447 4169 1512 4222 27
1548 4198 1616 4208 -
1653 4170 1729 4225 11
1767 4170 1890 4225 Joh.
1931 4170 2011 4231 10,
2048 4170 2116 4224 30
2151 4198 2217 4207 -
2254 4169 2332 4225 16
2366 4167 2477 4237 vgl.
2514 4168 2568 4225 S.
2604 4168 2686 4233 27,
2723 4170 2789 4223 22
2826 4198 2891 4208 -
2930 4168 3003 4224 17

385 4264 588 4321 Matth.
625 4267 708 4331 12,
731 4266 798 4321 35
833 4296 900 4305 -
946 4266 1026 4324 28
1061 4267 1088 4321 Ῑ
1119 4268 1260 4323 Tim.
1295 4270 1400 4332 2,5
1436 4298 1502 4309 —
1537 4270 1608 4325 27
1652 4269 1758 4325 Jer.
1796 4273 1878 4335 17,
1904 4273 1937 4327 5
1972 4298 2038 4310 —
2076 4270 2207 4326 291
2236 4270 2347 4339 vgl.
2384 4269 2475 4324 Nr.
2514 4272 2581 4327 72
2615 4284 2666 4323 u.
2704 4270 2752 4324 S.
2791 4270 2873 4339 27,
2910 4270 3015 4323 27f

383 4396 453 4406 -
490 4366 614 4423 811
645 4368 755 4439 vgl.
789 4368 840 4423 S.
878 4370 961 4437 27,
997 4370 1114 4425 30f.
1171 4372 1256 4434 30,
1292 4370 1399 4426 331·

562 4568 636 4623 11
675 4570 884 4643 πατὴρ]
923 4578 988 4635 -1-
1024 4566 1132 4640 &qm
1167 4590 1196 4625 r
1241 4573 1250 4641 Ι
1301 4572 1378 4627 14
1431 4569 1696 4643 βούλεται
1731 4590 1787 4626 m
1833 4575 1844 4640 Ι
1891 4572 1971 4628 20
2023 4572 2143 4643 τοῦ]
2180 4570 2247 4629 τὸ
2282 4578 2385 4629 τοῦ
2416 4571 2547 4637 We3
2583 4572 2669 4628 od.
2702 4572 2831 4643 stige
2866 4574 3010 4627 nach

387 4669 579 4739 ἣμῶνε
615 4671 716 4725 καὶ
751 4671 877 4726 ein?
925 4672 934 4739 Ι
982 4673 1063 4729 20
1099 4672 1229 4729 τότε
1266 4674 1338 4729 ΚΙ
1373 4680 1552 4729 ταῦτα
1589 4673 1640 4728 V
