3694 5582
318 3912 332 3958 t

1354 505 1422 561 de
1457 507 1826 563 eooleniastioa
1859 509 2143 580 theologia
2176 511 2201 564 I
2237 511 2318 564 20.
3060 517 3135 578 91

527 672 643 740 »ἐν
683 677 914 758 μορφῇ
971 675 1176 741 θεοῦ(
1225 665 1542 759 ὑπῆρχεν.
1629 678 1732 754 τίς
1776 677 1849 742 δὲ
1892 664 1977 760 ἦν
2023 663 2257 757 οὗτος,·
2301 667 2517 754 οὐδεὶς
2560 670 2773 754 ἄλλος
2816 666 2859 760 ἢ
2900 668 3143 759 Ἰησοῦς

521 765 836 856 Χριστός.
920 765 1129 852 αὐτὸς
1174 762 1300 840 οὖν
1343 761 1430 858 ἦν
1472 768 1638 853 θεὸς
1680 767 1885 860 λόγος
1923 769 2171 862 Ἰησοῦς
2218 769 2511 861 Χριστὸς
2562 777 2674 842 καὶ
2716 776 2879 858 πρὶν
2922 767 2967 860 ἢ
3010 771 3143 858 τὴν

521 865 738 956 σάρκα
782 878 1026 955 λαβεῖν.
1115 865 1408 958 ὧεριβῶς
1468 870 1595 961 γὰρ
1645 867 2021 944 ἀκουστέον
2073 878 2200 943 τοῦ
2241 877 2438 944 θείου
2480 867 2871 942 ἀποστόλου
2913 878 3139 960 λέγον-
3175 886 3240 939 61

519 997 640 1051 τος
706 973 956 1040 »τοῦτο
1017 977 1416 1056 φρονείσθω
1461 975 1536 1041 ἐν
1577 967 1734 1060 υμῖν
1787 964 1825 1042 3
1878 979 1991 1042 καὶ
2052 975 2126 1042 ἐν
2170 977 2449 1060 Χριστῷ
2492 965 2770 1060 Ἰησοῦς,
2832 977 2943 1041 καὶ
3006 975 3140 1041 δια·

449 1089 484 1142 5
519 1072 910 1154 σαφοῦντος
956 1069 1106 1157 ἑξῆς
1160 1075 1263 1151 τίς
1306 1066 1462 1141 ποτ’
1511 1062 1606 1191 ἦν
1655 1062 1861 1152 οὗτος
1904 1067 2147 1161 Ἰησοῦς
2193 1065 2517 1158 Χριστός,
2574 1065 2664 1139 δι’
2720 1098 2826 1140 ων
2878 1074 3140 1140 ἐπισυν-

524 1164 722 1238 ἅπτει
784 1173 1002 1254 λέγων
1071 1161 1184 1250 »ὃς
1244 1171 1317 1240 ἐν
1375 1177 1606 1258 μορφῇ
1661 1176 1830 1241 θεοῦ
1882 1167 2212 1258 υπᾶρχων
2272 1197 2391 1257 ουχ
2438 1164 2797 1258 ἁρπαγμὸν
2840 1165 3139 1259 ἡγήσατο

521 1265 604 1337 τὸ
666 1269 838 1338 εἶναι
899 1272 1007 1338 ισα
1049 1275 1226 1357 θεῷ,
1289 1264 1437 1340 αλλ’
1501 1268 1751 1341 ἑαυτὸν
1807 1273 2142 1341 ἐκένωσεν
2203 1267 2479 1359 μορφὴν
2541 1267 2791 1341 δούλου
2852 1269 3141 1354 λαβώνε.

519 1362 681 1455 μήτι
728 1395 854 1437 ουν
895 1359 1255 1439 κάνταῦθα
1298 1371 1409 1438 ἐπὶ
1453 1367 1586 1458 τὴν
1629 1367 1842 1456 σάρκα
1886 1365 2039 1442 οἶόν
2082 1375 2163 1440 τέ
2201 1373 2385 1440 ἐστιν
2430 1371 2733 1456 ἐκλαβεῖν
2764 1366 2845 1439 τὸ
2878 1367 3141 1457 λόγιον;
3176 1380 3244 1435 62

518 1465 609 1554 μὴ
653 1471 808 1554 περὶ
853 1471 975 1554 τῆς
1019 1465 1268 1556 σαρκὸς
1311 1463 1585 1558 αρμόζει
1626 1475 1849 1558 λέγειν
1890 1468 1974 1539 τὸ
2025 1463 2137 1550 »ὃς
2182 1475 2372 1556 [καὶ]«
2420 1473 2531 1538 καὶ
2576 1465 2658 1538 τὸ
2709 1463 3141 1558 »υπᾶρχων«;

413 1585 486 1639 10
521 1560 700 1636 ἀλλὰ
741 1563 832 1654 μὴ
859 1563 1044 1686 ,σὰρξ
1092 1571 1460 1639 »ἐκένωσεν
1513 1566 1760 1640 ἑαυτὸν
1811 1569 2088 1658 μορφὴν
2151 1568 2401 1642 δούλου
2462 1567 2763 1652 λαβών«,·
2824 1564 2999 1640 ἀλλὰ
3046 1597 3143 1657 γε·

519 1675 720 1736 λοτον
763 1661 976 1736 τοῦτό
1019 1693 1111 1754 γε.
1197 1662 1345 1752 φέρ’
1392 1659 1516 1738 οὖν
1559 1661 2066 1757 §gerdaoeusv⁰
2026 1697 2219 1750 οπως
2248 1671 2507 1756 ειρηται
2537 1665 2619 1737 τὸ
2657 1660 2769 1749 »ὃς
2811 1671 2885 1738 ἐν
2911 1676 3144 1758 μορφῇ

520 1769 695 1836 θεοῦ
735 1761 1064 1854 υπάρχων
1107 1792 1228 1853 ουχ
1272 1760 1633 1855 αρπαγμὸν
1678 1762 1977 1856 ἡγήσατο
2022 1765 2105 1837 τὸ
2150 1768 2323 1839 εἶναι
2348 1771 2460 1838 ἴσα
2490 1773 2657 1857 θεῷ,
2704 1763 2850 1839 ἀλλ’
2896 1767 3145 1839 ἑαυτὸν

520 1866 910 1935 ἐκένωσενι.
997 1870 1054 1936 εἰ
1095 1870 1218 1952 μεν
1266 1863 1346 1954 δὴ
1401 1859 1606 1954 λόγος
1658 1857 1744 1954 ἦν
1797 1861 2259 1956 ἀνύπαρκτος,
2320 1873 2642 1956 μηδαμῶς
2702 1867 2964 1952 ἔξωθεν
3015 1875 3144 1941 τοῦ

519 1969 693 2034 θεοῦ
733 1959 1070 2084 υφεστώς,
1111 1959 1260 2035 ἀλλ>
1305 1965 1507 2037 ἔνδον
1549 1957 1654 2036 ὢν
1696 1970 1773 2038 ἐν
1816 1963 2027 2056 αυτῷ,
2071 1972 2243 2039 ποτὲ
2285 1972 2408 2056 μὲν
2452 1970 2527 2036 ἐν
2568 1961 2806 2057 ἡσυχίᾳ
2848 1973 2961 2036 καὶ
2991 1974 3140 2056 σιγῇ

415 2083 482 2136 15
517 2069 692 2134 ποτὲ
736 2070 808 2134 δὲ
851 2069 928 2135 ἐν
971 2071 1074 2153 τῷ
1119 2068 1434 2155 ἐνεργεῖν,
1476 2071 1588 2136 καὶ
1629 2073 1782 2148 πῶς
1827 2058 2032 2148 οὗτος
2073 2058 2159 2155 ἦν
2192 2071 2303 2138 »ἐν
2331 2071 2561 2155 μορφῇ
2590 2069 2820 2150 θεοῦι,
2866 2063 3139 2155 δυναμει
3173 2073 3242 2130 63

521 2169 714 2252 [θεῷ]
763 2159 971 2247 αὐτὸς
1013 2156 1118 2237 ὢν
1161 2159 1200 2235 6
1242 2161 1438 2250 θεός,·
1496 2171 1650 2247 πῶς
1698 2171 1770 2236 δὲ
1818 2162 1979 2254 »οὐχ
2038 2162 2398 2254 ἁρπαγμὸν
2458 2159 2758 2253 ἡγήσατο
2822 2163 2903 2235 τὸ
2965 2165 3154 2238 εἶναι·

514 2265 626 2332 ἰ’σα
669 2268 878 2352 θεῷε,
940 2260 1149 2349 αὐτὸς
1211 2256 1316 2336 ὢν
1370 2261 1566 2350 θεός,·
1621 2271 1774 2350 πῶς
1835 2271 1907 2337 δὲ
1975 2269 2467 2338 »ἐταπείνωσεν
2528 2261 2780 2334 ἑαυτὸν
2830 2259 3137 2352 ὖπήκοος

515 2358 911 2449 γενόμενος(
981 2371 1084 2454 τῷ
1143 2372 1388 2451 πατρί;
1447 2362 1528 2436 τὸ
1591 2365 1716 2455 γὰρ
1768 2361 2138 2437 υπακούειν
2179 2361 2383 2436 τόνδε
2426 2367 2605 2452 τῷδε
2660 2367 2843 2433 δυεῖν
2882 2361 3133 2452 γένοιτ’

518 2490 604 2532 αν
655 2463 1056 2550 προσώπων
1097 2461 1632 2554 παραστατικόν.
1720 2472 1834 2536 καὶ
1894 2463 2255 2554 ἐπειδήπερ
2318 2470 2421 2557 τῷ
2484 2459 2669 2550 παρὰ
2730 2458 3135 2551 ανθρωποις
3170 2477 3239 2532 64

409 2577 481 2633 20
497 2556 703 2650 λόγῳ
747 2569 1066 2652 κέχρηται
1109 2559 1321 2636 εἰκόνι
1363 2560 1789 2684 Μάρκελλος,
1850 2571 2184 2637 πευστέον
2226 2568 2283 2637 εἰ
2326 2561 2609 2634 δύναται
2661 2556 2974 2651 ἁρμόζειν
3024 2567 3135 2634 ἐπὶ

518 2664 646 2730 τοῦ
689 2654 1142 2752 ανθρωπίνου
1183 2663 1396 2753 λόγου
1439 2661 1520 2735 τὸ
1576 2669 1818 2753 λέγειν·
1906 2657 1983 2746 ὃς
2034 2668 2110 2735 ἐν
2161 2669 2391 2753 μορφῇ
2442 2658 2829 2752 ἀνθρώπου
2870 2689 2974 2732 ων
3019 2658 3137 2751 οὐχ

517 2753 876 2851 ἁρπαγμὸν
939 2758 1238 2853 ἡγήσατο
1298 2761 1381 2836 τὸ
1435 2765 1608 2835 εἶναι
1669 2767 1778 2836 ἰ’σα
1839 2759 2229 2855 ανθρώπῳ,
2288 2758 2437 2836 αλλ’
2501 2758 2747 2833 ἑαυτὸν
2805 2764 3139 2833 ἐκένωσεν

514 2857 876 2950 γενόμενος
918 2860 1224 2954 υπήκοος
1269 2870 1372 2955 τῷ
1419 2861 1812 2954 ἀνθρωπῳ,·
1861 2870 1975 2936 καὶ
2024 2872 2179 2947 πῶς
2232 2859 2270 2935 6
2315 2870 2390 2937 ἐν
2432 2861 2790 2951 ανθρῶπῳ
2836 2862 3139 2952 συμφυὴς
3182 2912 3187 2917 -

517 2956 721 3047 λόγος
765 2966 984 3033 ταῦτα
1027 2992 1112 3034 αν
1155 2960 1536 3053 ποιή,σειεν,
1579 2967 1720 3053 <ἓν>
1763 2972 1878 3035 καὶ
1921 2960 2181 3035 ταύτὸν
2222 2960 2552 3051 υπᾶρχων
2594 2968 2698 3052 τῷ
2744 2959 3138 3052 ἇνθρώπῳ;
3173 2974 3252 3031 95

411 3072 482 3129 25
518 3087 646 3129 ουκ
689 3058 818 3183 ἄρα
860 3058 1064 3150 λόγος
1126 3060 1326 3149 ψιλὸς
1368 3071 1480 3135 καὶ
1525 3061 2004 3148 ανυπόστατος
2050 3068 2234 3135 ἔσται
2303 3058 2453 3135 αλλ’
2510 3062 2653 3147 υίὸς
2697 3060 2978 3154 ἀληθῶς
3022 3092 3137 3150 μο-

522 3159 805 3251 νογενὴς
849 3168 978 3233 τοῦ
1037 3168 1208 3234 θεοῦ
1262 3158 1301 3234 6
1353 3167 1463 3235 »ἐν
1504 3172 1734 3252 μορφῇ
1778 3170 1951 3235 θεοῦ
2000 3192 2397 3253 υπαρχωνα,
2452 3158 2528 3247 ὃς
2577 3161 2735 3253 »οὐχ
2780 3158 3139 3253 αρπαγμόν

519 3253 816 3349 ἡγήσατο
891 3260 974 3333 τὸ
1037 3264 1208 3333 εἶναι
1268 3267 1376 3334 ισα
1419 3270 1586 3352 θεῷ,
1652 3258 1794 3333 ἀλλ’
1858 3261 2105 3334 εαυτὸν
2164 3268 2497 3333 ἐκένωσεν
2556 3263 2831 3352 μορφὴν
2887 3261 3141 3333 δούλου

520 3358 810 3445 λαβωνι,
857 3354 940 3432 ὃν
981 3368 1094 3433 καὶ
1122 3358 1372 3451 Ἰησοῦν
1403 3362 1704 3452 Χριστὸν
1748 3358 2102 3449 ωνόμαζεν
2140 3357 2178 3433 6
2211 3373 2398 3445 θεῖος
2426 3359 2830 3445 ἀπόστολος,
2874 3367 3136 3449 προῦπ-

519 3455 821 3549 ἄρχοντα
863 3456 1082 3531 αὐτὸν
1123 3467 1250 3551 τῆς
1300 3461 1544 3551 σαρκὸς
1587 3458 1881 3550 ἀκριβῶς
1922 3459 2383 3551 ἐπιστάμενος.

411 3570 484 3625 30
684 3560 792 3629 ια’.
850 3559 1028 3650 πρὸς
1082 3560 1357 3646 τούτοις
1398 3568 1676 3651 μεσίτην
1717 3557 1933 3631 αὐτὸν
1976 3566 2104 3631 τοῦ
2145 3568 2316 3633 θεοῦ
2358 3556 2461 3649 <ό>
2510 3558 2715 3643 αὐτὸς
2760 3557 3135 3647 ὠνόμασεν,
3170 3573 3239 3629 65

521 3656 652 3747 τὴν
693 3666 1005 3743 Μ’ωσέως
1067 3668 1478 3751 νομοθεσίαν
1537 3664 1614 3731 ἐν
1671 3667 1842 3749 χειρὶ
1900 3657 2113 3732 αὐτοῦ
2172 3656 2494 3731 δεδόσθαι
2553 3661 2833 3749 <εἰπών>
2896 3656 2984 3731 δι’
3034 3652 3137 3731 ὧν

523 3782 734 3846 φησιν
800 3753 875 3829 »6
930 3755 1140 3849 νόμος
1181 3765 1515 3848 διαταγεὶς
1560 3756 1650 3832 δι’
1697 3758 2024 3850 ἀγγέλων,
2068 3764 2143 3830 ἐν
2183 3766 2349 3849 χειρὶ
2390 3766 2679 3847 μεσίτου.
2766 3755 2805 3832 6
2851 3766 2921 3831 δὲ
2962 3767 3137 3849 μεσί-

523 3885 645 3947 της
689 3854 840 3939 ἑνὸς
886 3886 1011 3930 ουκ
1054 3863 1266 3949 εστιν,
1331 3854 1368 3929 6
1424 3865 1494 3931 δὲ
1547 3858 1711 3943 θεὸς
1755 3858 1852 3942 είς
1896 3863 2136 3930 ἐστινι.
2207 3856 2489 3983 ακούεις
2550 3888 2741 3943 οπως
2777 3864 2973 3979 ἰδίως
3014 3858 3140 3937 τὸν
3192 3944 3202 3955 .
3272 3926 3357 3962 ι’,
3417 3939 3425 3953 ,

424 3963 562 4001 Γπ]
632 3999 645 4008 ἢ
827 3960 884 3986 *p
921 3966 968 4001 G
1023 3968 1056 3985 δ’
1985 3984 2000 3994 ,
2126 3940 2220 3989 Aul
2292 3956 2309 3987 (a

585 4046 596 4058 ἱ
632 4014 3261 4149 1⁵PsuJ26'J-4Ph1125—6Ph11267—‘911h11267-11··

517 4176 664 4232 Phil.
701 4180 834 4243 2,6.
872 4180 1456 4252 7—181rvgl.Nr.
1494 4183 1576 4237 92.
1613 4180 2129 4237 54—151Ph11.
2167 4184 2215 4246 2,
2252 4182 2948 4249 6—17Phi1.2‚8-
3002 4180 3199 4238 1911

519 4280 630 4350 vgl.
673 4280 765 4334 Nr.
802 4282 884 4335 55.
919 4282 988 4337 56
1021 4311 1088 4320 —
1126 4282 1204 4338 26
1239 4280 1385 4336 Phil.
1419 4282 1466 4349 2,
1504 4284 1537 4337 6
1572 4312 1638 4321 -—
1673 4282 1818 4340 Phil.
1854 4284 1901 4344 2,
1938 4286 1985 4338 6.
2026 4284 2055 4337 7
2092 4312 2158 4321 —
2190 4284 2265 4339 32
2305 4283 2427 4337 Gal.
2462 4284 2511 4347 3,
2549 4288 2629 4339 19.
2664 4286 2735 4339 20

690 4482 728 4537 9
761 4482 861 4537 καὶ
895 4484 990 4536 essr.
1027 4480 1100 4535 Kl
1162 4482 1174 4549 Ι
1241 4482 1319 4539 15
1363 4483 1462 4538 καὶ
1495 4500 1564 4537 zu
1601 4481 1736 4538 etrf?
1799 4484 1810 4552 Ι
1880 4484 1957 4539 16
2010 4486 2130 4553 θεῷ
2166 4492 2233 4543 <
2266 4502 2319 4537 m
2386 4486 2395 4552 Ι
2462 4482 2495 4539 ὁ
2547 4502 2611 4539 zu
2648 4484 2786 4538 etrx?
2834 4484 2944 4553 vgl.
2981 4484 3033 4537 Z.
3074 4488 3135 4539 17

523 4585 530 4650 Ι
589 4581 667 4637 22
705 4578 1002 4657 ἀνθρώπῳ
1036 4583 1108 4637 ΚΙ
1143 4586 1264 4655 θεῷ
1301 4584 1350 4637 V
1415 4584 1426 4651 Ι
1491 4584 1569 4639 28
1607 4580 1947 4658 ἀνθρώπῳῐ]
1986 4582 2220 4657 θανάτῳ
2254 4602 2311 4639 m
2374 4588 2383 4651 Ι
2449 4586 2527 4641 24
2564 4580 2627 4640 ἓν
2663 4584 2735 4639 ΚΙ
2786 4587 2798 4654 Ι
2857 4585 2935 4643 26
2982 4582 3047 4651 ὃς
3078 4604 3133 4639 m

517 4673 592 4749 ’θς
625 4684 675 4737 V
739 4685 750 4751 Ι
816 4684 895 4740 28
931 4678 1235 4753 ὠνόμασεν
1269 4702 1325 4737 m
1363 4686 1474 4754 vgl.
1509 4686 1564 4739 Z.
1599 4688 1668 4741 30
1731 4687 1740 4754 Ι
1805 4685 1886 4741 8⁰
1922 4684 1955 4740 ὁ
1992 4704 2031 4757 g
2093 4688 2101 4753 Ι
2168 4685 2243 4741 ⁸1
2284 4682 2465 4742 εἰπὼν
2500 4704 2538 4755 g
