3694 5582
683 494 761 558 58
1765 477 1782 494 ⁸
1854 481 2123 540 Eusebius

679 647 891 739 μόνος
937 650 1066 741 ἄρα
1109 645 1274 720 τότε
1317 645 1928 768 ἀπολειφθήσεται,
1973 653 2501 737 παυθησομένης
2544 641 2759 719 αὐτοῦ
2800 651 2926 736 τῆς
2966 653 3301 730 βασιλείας

680 757 793 822 καὶ
837 755 960 840 τῆς
1004 754 1352 836 ζωοποιοῦ
1393 745 1641 836 σαρκὸς
1683 744 1935 837 ἐρήμου
1975 754 2111 866 καὶκ
2134 744 2391 836 άλόγου
2421 753 3157 837 καταλειφθησομένης,
3202 745 3300 830 οὖς

677 848 848 940 μήτε
892 846 1354 973 προϋπάρχειν
1398 843 1612 920 αυτὸν
1651 846 1805 919 υἱὸν
1847 853 2019 919 θεοῦ
2070 839 2244 919 ὄντα
2295 844 2465 938 μήτε
2516 852 2811 935 διαρκεῖν
2865 851 2959 930 εἰς
3010 845 3297 936 ἄπειρον

679 951 856 1023 κατὰ
899 949 1028 1040 τὴν
1069 953 1197 1020 τοῦ
1239 953 1648 1037 Μαρκέλλου
1697 953 2147 1020 διδασκαλίαν.
2234 947 2519 1030 εἰκότως
2570 945 2703 1034 ἄρα
2756 952 2973 1018 ταῦτα
3023 953 3299 1029 βασιλέα
3330 957 3403 1013 29

610 1063 643 1116 5
682 1049 810 1123 τὸν
855 1048 950 1133 οὖς
995 1047 1280 1138 άληθῶς
1323 1051 1620 1136 θεοφιλῆ
1661 1055 1774 1117 καὶ
1819 1044 2305 1136 τρισμακάριον
2346 1045 2525 1118 κατὰ
2584 1052 2711 1117 τοῦ
2770 1041 3021 1134 ἀνδρὸς
3078 1050 3297 1130 ἐκίνει,

679 1159 904 1223 καίτοι
943 1157 1142 1239 μυρία
1185 1146 1730 1229 κολακεύσαντος
1772 1154 1885 1217 καὶ
1927 1146 2155 1220 πολλὰ
2208 1153 2535 1232 βασιλέως
2594 1144 2892 1234 ἐγκώμια
2954 1141 3166 1218 αὐτοῦ
3191 1221 3202 1226 ,
3225 1149 3299 1219 ἐν

675 1248 1134 1341 συγγράμματι
1193 1243 1614 1330 διελθόντος.
1699 1252 1919 1318 ταῦτα
1978 1251 2051 1317 δὲ
2108 1253 2220 1318 καὶ
2278 1245 2411 1335 τὴν
2471 1241 2667 1335 άγίαν
2726 1243 3019 1317 σύνοδον
3078 1248 3153 1316 ἐν
3214 1253 3301 1333 τῇ

675 1358 983 1439 βασιλικῇ
1029 1352 1498 1421 συνελθοῦσαν
1539 1342 1738 1417 πόλει
1780 1350 1853 1433 ἐξ
1893 1350 2239 1435 ἐπαρχιῶν
2282 1342 2639 1435 διαφόρων
2668 1341 2945 1417 Πόντου
2968 1351 3081 1416 καὶ
3113 1351 3299 1416 Καπ-

679 1455 1008 1533 παδοκίας
1050 1445 1266 1530 Ἀσίας
1319 1473 1396 1519 τε
1445 1453 1559 1517 καὶ
1615 1453 1908 1536 Φρυγίας
1967 1452 2080 1517 καὶ
2126 1453 2459 1528 Βιθυνίας
2508 1444 2778 1536 Θρᾴκης
2838 1472 2915 1516 τε
2975 1449 3085 1515 καὶ
3150 1450 3299 1515 τῶν

577 1555 644 1611 10
679 1553 991 1621 ἐπέκεινα
1034 1554 1262 1639 μερῶν
1305 1543 1723 1636 στηλιτεύειν
1782 1545 1911 1618 τὸν
1974 1543 2189 1634 ἄνδρα
2249 1542 2358 1616 διὰ
2419 1550 2545 1636 τῆς
2584 1541 2733 1617 κατ’
2782 1541 2995 1618 αὐτοῦ
3036 1549 3299 1635 γραφῆς

676 1657 788 1720 καὶ
830 1647 920 1738 μὴ
975 1655 1320 1720 θέλουσαν
1373 1643 1763 1733 ἐξεβιάζετο.
1847 1651 2069 1716 ταῦτα
2126 1651 2238 1716 καὶ
2296 1640 2469 1735 ἡμᾶς
2526 1649 2637 1718 ἐπὶ
2697 1643 2829 1734 τὴν
2886 1641 3059 1734 μετὰ
3113 1665 3300 1734 χεῖρα

675 1751 979 1834 ἐξέτασιν
1019 1756 1388 1836 προελθεῖν
1447 1742 1982 1835 κατηνάγκασεν,
2043 1739 2217 1835 ὁμοῦ
2273 1752 2387 1816 καὶ
2447 1762 2597 1828 τοῖς
2654 1741 2931 1831 δόξασιν
2994 1752 3080 1834 τῇ
3140 1740 3296 1836 ἇγίᾳ

677 1843 944 1936 συνόδῳ
988 1851 1556 1934 παρισταμένους,
1618 1841 1792 1936 όμοῦ
1853 1853 1966 1917 καὶ
2026 1864 2173 1927 τοῖς
2233 1854 2777 1933 συλλειτουργοῖς
2836 1841 3295 1932 προστάξασιν

679 1953 890 2018 τοῦτο
933 1953 1182 2036 πρᾶξαι
1226 1944 1310 2017 τὸ
1363 1951 1374 2034 Ι
1427 1945 1668 2018 ἱκανὸν
1719 1951 2184 2034 ποιουμένους.
2267 1941 2559 2032 μάλιστα
2618 1948 2695 2015 δέ
2748 1971 2866 2032 μοι
2922 1940 3294 2033 ἀναγκαῖοι
3332 1948 3545 2016 3015ss

574 2056 639 2110 15
679 2041 963 2135 ἡγοῦμαι
1006 2051 1408 2134 γεγενῆσθαι
1451 2043 1532 2117 τὸ
1575 2043 1844 2134 γράμμα
1886 2043 1999 2117 διὰ
2042 2043 2206 2126 τούς
2249 2039 2613 2133 ἠδικῆσθαι
2657 2042 2786 2115 τὸν
2839 2041 3053 2132 ἄνδρα
3106 2071 3295 2115 νενο-

675 2141 973 2232 μικότας.
1055 2143 1183 2234 χρὴ
1225 2143 1354 2234 γὰρ
1397 2141 1955 2235 ἀποθεραπεῦσαι
1997 2143 2131 2235 τὴν
2171 2151 2319 2215 τῶν
2372 2140 2721 2233 ἡμετέρων
2764 2139 3089 2230 ἀδελφῶν
3130 2139 3295 2215 ὑπό-

674 2271 873 2316 νοιαν
915 2243 1025 2316 διὰ
1068 2250 1197 2315 τοῦ
1241 2243 1543 2334 φανερὰν
1584 2250 2005 2334 καταστῆσαι
2046 2243 2178 2333 τὴν
2221 2261 2503 2333 μακροῖς
2553 2249 2677 2331 μὲν
2731 2240 3007 2331 χρόνοις
3070 2245 3295 2332 ἐμφω-

672 2342 1002 2415 λεύσασαν
1047 2341 1237 2434 αὐτῷ
1285 2350 1376 2427 εἰς
1421 2343 1550 2416 τὸν
1591 2341 1742 2417 υἱὸν
1787 2350 1915 2419 τοῦ
1956 2351 2127 2416 θεοῦ
2171 2339 2509 2426 ἀπιστίαν,
2554 2347 2703 2414 νυνὶ
2743 2347 2815 2413 δὲ
2844 2345 3295 2432 ἐληλεγμένην

672 2441 782 2514 διὰ
841 2449 967 2532 τῆς
1027 2440 1240 2514 αὐτοῦ
1300 2449 1594 2532 γραφῆς,
1666 2441 1754 2533 ἣν
1822 2444 2112 2534 μηδενὸς
2168 2448 2551 2524 καλοῦντος
2608 2439 2993 2531 αὐτόμολος
3054 2447 3294 2530 φέρων

568 2551 637 2605 20
670 2549 928 2632 παρῆν,
991 2551 1250 2627 βασιλεῖ
1289 2571 1365 2614 τε
1408 2547 1517 2614 ἐπὶ
1559 2560 1747 2631 χεῖρα
1791 2543 1953 2627 δοὺς
1994 2539 2189 2632 ἠξίου
2230 2549 2601 2632 διαγνῶναι
2644 2540 2732 2613 τὰ
2774 2545 3288 2632 ἐγγεγραμμένα·

672 2638 845 2730 τάχα
888 2671 1026 2714 που
1069 2646 1344 2725 ἐλπίσας
1387 2649 1535 2713 τῶν
1578 2647 1674 2725 εἰς
1715 2637 1931 2714 αῦτὸν
1973 2646 2331 2732 ἐγκωμίων
2380 2639 2579 2732 χάριν
2630 2637 2838 2724 αὐτὸς
2888 2645 3013 2730 μὲν
3064 2659 3289 2730 τυχεῖν

669 2749 1048 2832 προνομίας
1091 2747 1214 2832 τῆς
1255 2737 1412 2832 παρ’
1457 2737 1648 2833 αὐτῷ
1692 2748 1796 2831 τῷ
1839 2751 2120 2828 βασιλεῖ,
2183 2744 2345 2827 τοὺς
2397 2737 2463 2812 δ’
2508 2737 2621 2815 υπ’
2668 2737 2881 2813 αυτοῦ
2921 2769 3289 2833 κακηγορη-

670 2845 926 2923 θέντας
967 2840 1379 2925 ἐπισκόπους
1421 2840 1901 2932 ὑποβληθῆναι
1946 2850 2251 2935 τιμωρία.
2314 2838 2397 2917 06
2422 2840 2557 2933 μὴν
2599 2839 2747 2915 κατ’
2794 2846 3067 2926 ἐλπίδας
3097 2840 3285 2932 αὐτῷ
3323 2851 3390 2905 31

670 2938 759 3011 τὰ
804 2944 928 3029 τῆς
961 2938 1294 3027 ἐκβάσεως
1322 2938 1722 3031 προύχώρει.
1781 2938 1947 3025 θεὸς
1974 2942 2105 3031 γὰρ
2130 2933 2218 3031 ἦν
2262 2938 2301 3013 6
2346 2940 2624 3014 τούτων
2664 2940 2898 3033 κριτὴς
2939 2951 3051 3013 καὶ
3080 2938 3289 3027 αὐτὸς

569 3047 636 3103 25
671 3037 970 3128 Χριστὸς
1019 3035 1289 3129 Ἰησοῦς,
1353 3036 1391 3112 6
1451 3040 1626 3131 πρὸς
1687 3047 1814 3113 τοῦ
1873 3048 2313 3131 συγγραφέως
2371 3036 2860 3132 άθετοῦμενος,
2924 3035 2999 3126 ὃς
3060 3042 3141 3132 δὴ
3202 3043 3293 3115 τὰ

669 3136 923 3225 κρύφια
964 3146 1092 3212 τοῦ
1133 3137 1380 3229 ἀνδρὸς
1423 3164 1755 3232 συνορων,
1800 3137 2016 3213 αὐτὸν
2045 3137 2259 3213 αὐτοῦ
2294 3140 2681 3233 κατήγορον
2712 3136 2847 3231 άμα
2874 3150 2987 3214 καὶ
3016 3144 3290 3231 ἔλεγχον

669 3236 960 3328 μηδενὸς
1003 3240 1539 3325 συνελαύνοντος
1582 3249 1933 3330 γίγνεσθαι
1974 3238 2501 3363 παρεσκεύαζεν.
2568 3236 2737 3314 ὅθεν
2782 3237 2822 3313 6
2864 3248 2989 3332 μὲν
3032 3247 3141 3314 ἐπὶ
3184 3249 3289 3332 τῷ

669 3335 1130 3428 συγγράμματι
1172 3336 1775 3429 καλλωπιζόμενος
1815 3348 2076 3423 βασιλεῖ
2113 3338 2417 3429 προσῄει,
2460 3336 2501 3411 6
2544 3346 2615 3413 δὲ
2643 3349 2751 3461 τῇ.
2774 3338 3043 3433 συνόδῳ
3088 3370 3291 3429 παρε-

672 3442 862 3508 δίδου
904 3436 1036 3526 τὴν
1076 3436 1405 3529 διάκρισιν
1449 3446 1596 3511 τῶν
1639 3443 2214 3529 ἐγγεγραμμένων,
2258 3436 2301 3529 5
2330 3436 2395 3510 δ’
2428 3434 2583 3561 άγία
2623 3448 2751 3512 τοῦ
2793 3447 2966 3515 θεοῦ
3008 3440 3291 3524 συνοδος

567 3544 638 3597 30
673 3530 1118 3627 ἀπεδοκίμαζε
1163 3536 1244 3610 τὸ
1290 3536 1572 3629 γράμμα,
1619 3534 1924 3622 εἰκότως,
1972 3532 2083 3611 ότι
2124 3537 2297 3629 μήτε
2338 3536 2549 3630 ἀρχὴν
2593 3538 2763 3631 μήτε
2807 3546 3005 3623 τέλος
3034 3537 3291 3624 εὐσεβὲς

672 3632 993 3726 ὁμολογεῖ
1033 3644 1160 3709 τοῦ
1199 3641 1354 3710 υιοῦ
1397 3644 1524 3710 τοῦ
1565 3644 1752 3709 θεοῦ.

844 3808 920 3864 15
957 3808 1072 3878 vgl.
1106 3808 1157 3862 S.
1193 3808 1277 3875 80,
1313 3809 1381 3863 18

844 3957 881 4012 6
919 3952 1000 4026 ἐν]
1037 3966 1102 4021 -1-
1138 3958 1258 4029 τῷῖ
1309 3960 1320 4027 Ι
1375 3958 1454 4013 24
1489 3956 1814 4032 προύχώρει
1837 3959 1911 4014 ΚΙ
1948 3968 2249 4032 προχωρεῖ
2277 3958 2329 4012 V
2383 3961 2391 4028 Ι
2446 3962 2524 4017 26
2558 3957 2732 4015 αὐτοῦ
2757 3961 2806 4015 V
