3694 5582
1152 473 1220 528 δε
1253 472 1624 529 ecclesiastica
1657 473 1943 545 theologia
1979 475 2027 527 'II
2064 475 3003 543 3-6.1()3

559 642 602 712 5
665 642 723 708 εί
765 642 838 708 δὲ
883 641 1067 726 λε’γοι
1113 634 1512 726 Μάρκελλος
1556 635 1684 709 τὸν
1729 635 1939 726 λόγον
1985 639 2153 708 εἶναι
2198 643 2323 709 τοῦ
2368 643 2535 708 θεοῦ
2580 635 2705 706 τὸν
2750 663 3008 724 σαρκω-
3044 643 3135 704 ὅτι
3200 655 3379 708 ταῦτα

395 743 628 821 θέντα,
673 731 822 809 ἄλλ’
869 733 1252 826 άχῶριστον
1295 733 1508 808 αὐτὸν
1565 733 1860 827 ῶρίσατο
1916 739 2089 808 εἶναι
2135 743 2260 808 τοῦ
2305 743 2500 820 θεοῦ,
2544 732 2808 825 μονάδα
2853 736 3009 818 δοὺς
3044 716 3229 842 Ξξζῧν
3276 717 3377 842 Β·
3346 803 3381 840 v

395 832 810 927 ἀδιαίρετον,
871 844 984 908 καὶ
1035 845 1195 926 μίαν
1245 833 1622 936 ὑπόστασιν
1668 845 1794 909 τοῦ
1837 845 2007 910 θεοῦ
2048 845 2160 908 καὶ
2222 843 2350 908 τοῦ
2393 841 2465 906 ἐν
2529 833 2717 926 αὐτῷ
2783 832 3008 924 λόγου,
3136 851 3275 910 dhr-

395 932 490 1019 ῶς
541 931 698 1027 μηδ>
745 937 980 1025 ἕτερον
1043 955 1226 1008 νοεῖν
1279 935 1407 1007 τὸν
1461 934 2097 1059 ἐνανθρωπήσαντα
2139 933 2289 1007 κατ’
2336 932 2549 1006 αὐτὸν
2609 931 2651 1024 ἢ
2713 934 2839 1006 τὸν
2900 940 3010 1006 ἐπὶ

325 1045 358 1100 5
391 1033 678 1108 πάντων
709 1032 896 1108 θεόν.
965 1041 1024 1106 εἰ
1062 1043 1135 1106 δὲ
1175 1031 1389 1124 μονάς
1432 1041 1617 1108 ἐστιν
1662 1032 2057 1124 ἀδιαίρετος,
2105 1038 2176 1106 ἓν
2221 1063 2295 1105 τε
2337 1043 2448 1106 καὶ
2481 1031 2737 1107 ταύτὸν
2767 1031 2805 1107 6
2852 1033 3012 1117 θεὸς

389 1144 501 1208 καὶ
557 1131 596 1207 6
641 1140 716 1208 ἐν
759 1132 950 1226 αύτῷ
997 1132 1226 1225 λόγος,
1288 1144 1402 1207 καὶ
1464 1145 1616 1208 τίνα
1670 1165 1755 1206 αν
1800 1141 1978 1208 ειποι
2020 1166 2125 1219 τις
2168 1143 2454 1226 πατέρα,
2517 1143 2671 1206 τίνα
2726 1140 2797 1205 δὲ
2840 1131 3009 1218 υἱόν,

391 1235 546 1318 ενός
589 1227 794 1320 ὄντος
838 1242 966 1307 τοῦ
1007 1231 1476 1323 ὑποκειμένους
1520 1231 1707 1306 οὕτω
1751 1243 1875 1324 μὲν
1920 1235 2001 1326 δὴ
2032 1232 2434 1325 Μάρκελλος
2464 1231 2843 1322 υιοπάτορα
2882 1233 3010 1304 τὸν

392 1336 510 1407 ε’να
553 1343 666 1406 καὶ
710 1332 838 1408 τὸν
879 1332 1095 1406 αὐτὸν
1137 1335 1426 1424 εἰσάγων
1471 1334 1597 1407 τὸν
1640 1342 2026 1422 Σαβέλλιον
2072 1331 2365 1407 άνενέου.
2430 1341 2439 1418 Ι
3048 1348 3167 1405 108

555 1441 597 1508 6
673 1431 714 1525 ἦ
783 1440 856 1507 δὲ
925 1439 1276 1559 ἐκκλησία
1315 1441 1442 1506 τοῦ
1513 1442 1680 1506 θεοῦ
1739 1444 1852 1506 καὶ
1915 1435 2043 1525 τὴν
2112 1432 2373 1524 μονάδα
2434 1432 2564 1524 τὴν
2627 1429 3010 1522 ἀδιαίρετον
3046 1445 3257 1537 ὅπωςὴ
3295 1445 3380 1506 ἐ»

288 1545 356 1598 10
389 1543 714 1624 γνωρίζει,
758 1541 919 1623 μίαν
961 1516 1192 1624 ά5χ7>ν’
1217 1505 1662 1623 ομολογοῦσα,
1707 1533 1836 1605 τὸν
1882 1535 1997 1606 ἕνα
2026 1543 2138 1606 καὶ
2168 1529 2544 1622 ἀγέννητον
2574 1540 2684 1604 καὶ
2716 1531 3013 1620 ἄναρχον
3044 1521 3111 1572 ²³·
3069 1518 3384 1642 ‘5⁰:93¹’

389 1631 586 1707 θεόν·
631 1642 742 1706 καὶ
786 1633 915 1705 τὸν
957 1637 1028 1720 ἐξ
1071 1630 1285 1704 αὐτοῦ
1329 1639 1402 1705 δὲ
1443 1640 1870 1724 γεννηθέντα
1914 1641 2250 1724 μονογενῆ
2289 1629 2459 1717 υἱόν,
2507 1629 2797 1721 ἀκριβῶς
2842 1625 3013 1702 ὄντα
3128 1658 3305 1725 layez.

385 1743 500 1806 καὶ
547 1742 778 1821 ζῶντα
821 1741 934 1804 καὶ
977 1729 1372 1820 ὑφεστῶτα,
1435 1741 1714 1826 σωτῆρα
1774 1732 2246 1822 ἐπιγράφεται,
2310 1730 2435 1804 οὐκ
2488 1731 2786 1852 ἄναρχον
2840 1758 3011 1802 οντα

389 1832 550 1908 οὐδὲ
573 1831 1006 1954 ,ἀγέννητοι
1067 1833 1180 1904 ἵνα
1232 1833 1359 1952 m)-
1375 1831 1496 1904 δύο
1550 1829 1756 1922 άρχάς
1797 1840 1910 1904 καὶ
1956 1833 2076 1904 δύο
2122 1833 2325 1916 θεοὺς
2385 1829 2877 1921 ύποστήσηται,
2940 1834 3013 1918 ἐξ

387 1931 604 2006 αὐτοῦ
647 1937 720 2004 δὲ
762 1939 1187 2026 γεννηθέντα
1231 1939 1359 2004 τοῦ
1399 1931 1661 2021 πατρὸς
1701 1941 1816 2004 καὶ
1862 1931 2073 2022 ἀρχὴν
2105 1935 2347 2022 ἔχοντα
2378 1931 2505 2002 τὸν
2543 1926 3010 2020 γεγεννηκότα.

291 2043 354 2096 15
388 2033 494 2107 διὸ
541 2031 886 2105 πιστεύειν
929 2039 1350 2122 παρείληφεν
1415 2038 1506 2114 εἰς
1570 2034 1688 2103 ἕνα
1756 2029 1927 2103 θεὸν
1986 2038 2248 2124 πατέρα
2308 2028 2837 2119 παντοκράτορα
2896 2037 3010 2100 καὶ
3078 2039 3111 2092 2

386 2139 483 2218 εἰς
530 2131 658 2204 τὸν
701 2130 938 2220 κύριον
984 2128 1179 2221 ἡμῶν
1219 2128 1470 2221 Ἰησοῦν
1515 2127 1846 2220 Χριστόν,
1904 2130 2032 2202 τὸν
2072 2137 2411 2220 μονογενῆ
2459 2138 2586 2201 τοῦ
2625 2135 2795 2201 θεοῦ
2838 2126 3007 2213 υἱόν,

387 2239 514 2324 τῆς
559 2227 750 2321 ἁγίας
795 2230 1046 2319 ταύτης
1087 2237 1200 2302 καὶ
1251 2235 1574 2320 μυστικῆς
1617 2237 1912 2314 πίστεως
1967 2229 2094 2319 τὴν
2149 2235 2223 2302 ἐν
2270 2237 2544 2318 Χριστῷ
2590 2226 3011 2316 παρεχούσης

388 2330 842 2421 άναγέννησιν
903 2348 1048 2413 τοῖς
1111 2327 1202 2400 δι’
1247 2325 1455 2419 αὐτῆς
1500 2335 2008 2419 φωτιζομένοις.
2097 2326 2270 2402 ἀλλὰ
2325 2330 2453 2420 τὴν
2494 2325 2759 2418 μονάδα
2805 2334 3011 2416 φησὶν

390 2429 795 2521 Μάρκελλος
838 2433 1134 2522 ἐνεργείᾳ
1176 2427 1673 2513 πλατύνεσθαι,
1727 2421 1833 2518 (6)
1879 2434 1988 2500 ἐπὶ
2030 2436 2154 2520 μὲν
2196 2425 2543 2517 σωμάτων
2582 2427 2817 2516 χῶραν
2860 2428 3008 2515 ἔχει,

288 2537 356 2595 20
388 2536 502 2602 ἐπὶ
549 2535 620 2602 δὲ
671 2536 793 2620 τῆς
847 2526 1216 2619 ἀσωμάτου
1272 2535 1384 2600 καὶ
1445 2525 1737 2600 ἇλέκτου
1798 2538 1912 2600 καὶ
1965 2527 2434 2619 άνεκφράστου
2486 2523 2714 2609 οὐσίας
2768 2523 3006 2598 ούκέτι.

389 2628 552 2704 οὐδὲ
611 2629 738 2720 γὰρ
800 2634 876 2702 ἐν
937 2635 1040 2719 τῷ
1103 2634 1394 2717 ἐνεργεῖν
1453 2633 1564 2704 63*
1605 2628 2029 2700 πλατύνεται
2092 2623 2241 2702 οὐδ’
2302 2631 2379 2699 ἐν
2430 2635 2533 2718 τῷ
2576 2626 2666 2716 μὴ
2712 2631 3007 2715 ἐνεργεῖν
3076 2641 3110 2696 3

387 2737 858 2814 συστέλλεται,
933 2723 1082 2801 οὐδ’
1155 2722 1338 2813 ὅλως
1408 2723 1662 2818 ὁμοίως
1732 2724 2135 2818 ἀνθρώποις
2205 2732 2464 2819 ἐνεργεῖ
2531 2723 2679 2800 οὐδ’
2756 2720 3008 2814 ὁμοίως

387 2828 798 2919 ἀνθρώποις
840 2847 1153 2901 κινεῖται·
1212 2826 1428 2918 μονὰς
1472 2835 1542 2900 δὲ
1588 2857 1691 2900 ων
1737 2824 2115 2915 ἀδιαίρετος
2177 2824 2214 2901 6
2277 2828 2440 2911 θεὸς
2503 2827 2628 2900 τὸν
2672 2833 3009 2917 μονογενῆ

388 2928 608 3004 αὐτοῦ
651 2928 804 3000 υἱὸν
847 2934 917 3016 ἐξ
961 2928 1205 3000 ἑαυτοῦ
1246 2924 1634 3018 ἐγέννα,ού
1677 2926 2141 3014 διαιρούμενος
2171 2923 2318 3001 οὐδ’
2369 2923 2740 2999 ἀλλοίωσιν
2771 2924 2813 3017 ἢ
2858 2954 3009 3013 τρο-

287 3046 352 3100 25
384 3031 532 3119 πὴν
595 3025 640 3118 ἢ
698 3028 865 3120 ῥοὴν
925 3024 968 3118 ἦ
1030 3057 1099 3100 τι
1157 3024 1386 3111 πάθος
1445 3026 1826 3116 ὑπομένων.
1932 3024 2088 3098 οὐδὲ
2147 3027 2273 3117 γὰρ
2334 3025 2797 3116 προστάττων
2859 3021 3008 3098 οὔδ’
3079 3041 3115 3093 4

385 3124 906 3220 ἐγκελευόμενος
936 3123 1092 3199 ούδὲ
1121 3135 1547 3217 νομοθετῶν,
1569 3122 1824 3217 ὁμοίως
1855 3122 2257 3215 ἀνθρώποις
2288 3126 2565 3215 γλῶττη
2586 3134 2694 3196 καὶ
2724 3134 3013 3213 χείλεσιν

385 3235 654 3313 λαλῶν,
717 3235 935 3299 ταῦτα
977 3224 1294 3316 πράττει,
1361 3224 1518 3299 οὐδέ
1558 3255 1630 3316 γε
1677 3223 1966 3315 ἀφορῶν
2011 3231 2103 3310 εἰς
2147 3226 2278 3316 τὴν
2324 3233 2447 3299 τοῦ
2489 3224 2749 3308 παντὸς
2795 3220 3014 3296 διακό-

385 3350 632 3417 σμησιν
675 3322 930 3417 ὁμοίως
975 3322 1136 3416 ἡμῖν
1190 3321 1576 3417 ὀφθαλμοῖς
1625 3325 1975 3416 χριόμενος
2020 3330 2409 3413 ἐνατενίζει,
2478 3321 2691 3397 ὁπότε
2734 3333 2845 3395 καὶ
2893 3323 3015 3394 »τὰ

383 3427 476 3517 μὴ
534 3421 739 3498 ὄντα(
805 3427 1176 3515 προλαβὼν
1230 3423 1504 3517 ἀρρήτῳ
1567 3455 1677 3496 και
1738 3432 1933 3513 θεϊκῇ
1996 3421 2269 3514 δυνάμει
2332 3454 2427 3507 ως
2490 3422 2616 3515 ἤδη
2670 3416 2840 3494 ὄντα
2898 3430 3011 3495 καὶ

284 3542 350 3598 30
382 3523 754 3615 ύφεστῶτα
815 3534 1079 3614 θεωρεῖ.
1166 3521 1315 3598 ἀλλ’
1378 3523 1538 3598 οὐδὲ
1597 3530 1826 3596 ποιῶν
1886 3532 1997 3595 καὶ
2059 3527 2490 3614 δημιουργῶν
2551 3519 2805 3612 ὁμοίως
2868 3541 3011 3606 τοῖς
3080 3535 3116 3589 5

381 3622 550 3714 παρ’
595 3621 753 3716 ἡμῖν
808 3633 1143 3714 τεχνίταις
1185 3630 1781 3714 προῦποκειμένην
1825 3617 1998 3713 ύλην
2044 3624 2275 3709 λαβὼν
2325 3631 2549 3713 χερσὶν
2603 3631 2714 3694 καὶ
2771 3621 3011 3695 δακτύ-

382 3736 535 3808 λοις
579 3732 1031 3809 τεκταίνεται,
1090 3722 1368 3816 ἀρρήτῳ
1416 3730 1487 3795 δὲ
1530 3722 1740 3796 πάλιν
1781 3730 1893 3794 καὶ
1940 3719 2406 3814 άκαταλήπτῳ
2454 3720 2729 3811 δυνάμει
2773 3726 2841 3807 ἐξ
2887 3718 3011 3794 06ae

385 3854 626 3897 οντων
671 3830 764 3907 εἰς
806 3822 890 3897 τὸ
935 3825 1108 3896 εἶναι
1155 3824 1282 3915 τὴν
1337 3830 1486 3894 τῶν
1535 3829 1849 3913 γενητῶν
1904 3818 2239 3894 ἁπάντων
2282 3818 2711 3909 ὑπεστήσατο
2757 3818 3007 3892 ούσίαν.

384 3930 444 3995 εἰ
491 3923 576 4014 δὴ
622 3916 748 3996 οὖν
790 3919 1020 3996 πάντα
1074 3920 1302 4013 λόγοις
1362 3919 1523 4013 ἡμῖν
1584 3920 1906 4013 ἀρρήτοις
1956 3929 2067 3993 καὶ
2113 3920 2622 4011 ἀσυλλογίστοις
2666 3925 2895 4003 ἐποίει,
2943 3926 3011 3991 τί

285 4038 350 4092 35
386 4022 472 4115 δὴ
516 4022 642 4113 χρὴ
689 4019 1012 4113 ἀγωνιᾶν,
1055 4022 1145 4114 μὴ
1191 4018 1445 4113 ὁμοίως
1489 4041 1636 4105 τοῖς
1677 4030 1966 4111 θνητοῖς
2011 4021 2211 4111 ζῴοις
2240 4019 2469 4105 πάθος
2512 4052 2579 4092 τι
2608 4030 2763 4109 περὶ
2796 4017 3009 4092 αὐτὸν

385 4126 696 4212 εἴποιμεν
756 4130 1104 4211 γεγονέναι
1157 4132 1167 4208 1
1222 4128 1332 4195 ἐπὶ
1391 4128 1478 4211 τῇ
1529 4127 1657 4194 τοῦ
1698 4125 1849 4193 υἱοῦ
1891 4120 2227 4211 γεννήσει,
2284 4120 2369 4212 ἣν
2414 4118 2579 4211 ὑπὲρ
2624 4116 2852 4192 πάντα
2894 4128 3007 4191 καὶ
3045 4137 3174 4196 100

562 4293 599 4347 2
637 4292 750 4362 vgl.
785 4292 879 4347 Nr.
915 4294 984 4349 62
1017 4322 1086 4332 --
1120 4292 1157 4348 5
1193 4292 1306 4361 vgl.
1341 4291 1434 4346 Nr.
1471 4292 1539 4347 62
1585 4320 1653 4331 —-
1710 4291 1787 4347 '21’
1815 4292 1927 4361 vgl.
1966 4292 2015 4345 S.
2052 4294 2137 4359 62,
2173 4294 2239 4347 33
2288 4322 2357 4331 —
2413 4293 2531 4349 181
2560 4292 2672 4363 vgl.
2708 4290 2799 4345 Nr.
2839 4292 2907 4345 62
2942 4320 3008 4329 —

387 4394 468 4449 28
506 4393 620 4463 vgl.
656 4391 748 4447 Nr.
784 4396 853 4450 62
886 4424 953 4433 —
991 4396 1070 4451 28
1106 4395 1260 4449 Rom.
1295 4396 1346 4455 4,
1384 4397 1448 4448 17

565 4543 644 4600 10
681 4540 993 4616 ἀγέννητον
1030 4546 1108 4599 V²
1139 4550 1427 4615 μονογενῆ
1460 4545 1563 4600 τὸν
1599 4544 1680 4597 V*
1715 4562 1780 4599 w.
1811 4560 1857 4597 e.
1885 4545 1993 4599 sch.
2062 4545 2069 4613 Ι
2137 4541 2212 4598 18
2250 4540 2412 4613 ἀλλὰ]
2450 4538 2571 4599 ἀλλ’
2608 4538 2695 4598 ὅτι
2731 4557 2814 4595 mr
2870 4542 2879 4609 Ι
2930 4541 3005 4597 19

387 4643 422 4701 8
464 4646 532 4700 Κ]
565 4648 574 4715 Ι
618 4646 696 4703 28
734 4642 1050 4768 ἀνατενίζει
1085 4645 1148 4732 V,
1188 4663 1323 4701 corr.
1359 4647 1494 4714 ΜοΙ
1533 4645 1612 4701 84
1651 4643 1707 4700 εἰ
1740 4646 1804 4713 δὴ
1840 4644 1913 4698 Κ]
1952 4642 2051 4713 ἢδη
2090 4644 2179 4713 V!
2222 4645 2298 4700 86
2335 4646 2623 4715 γενήσειν
2654 4648 2663 4713 Ι
2696 4644 2781 4713 ἢν]
2822 4640 2887 4699 ὃν
2913 4642 3014 4697 Mo

469 4726 696 4797 tave(
753 4740 900 4789 ΜΞ.

423 4865 474 4882 1⁴
599 4833 769 4891 “⁴6c
835 4841 858 4888 2

501 4913 512 4929 Ι

285 4964 362 4995 ιμ
431 4960 574 4993 ’‘m‘-
627 4934 891 4989 sp'v‘fl.
1850 4923 1912 4951 's

504 5007 578 5034 ⁹⁴
790 5033 801 5042 ,
874 5002 910 5013 “”
1854 5000 1897 5041 αἱ

403 5050 688 5094 ιο.;5-”*-
741 5041 791 5070 ‘-
862 5036 875 5059 ¹

305 5158 330 5193 p
434 5130 639 5187 'w‘fCL
697 5165 705 5173 ·

586 5246 698 5293 “211-
