3694 5582
1334 529 1438 586 Die
1472 529 1804 599 Fragmente
1836 528 2113 585 Marcelle.
2913 533 3024 595 191

585 697 680 750 Nr.
718 697 784 750 37
820 696 921 765 (Re
957 699 1044 765 32)
1099 694 1203 752 οὐκ
1255 694 1619 768 εὐαγγελικῆς
1669 693 2115 765 ὑπομιμνήσκων
2168 694 2527 759 διδασκαλίας
2578 687 2730 749 ταῦτ’
2780 688 3033 765 ἔγραψεν

415 782 716 846 Παυλῖνος,
753 777 1058 851 ὁμολογῶν
1094 780 1154 838 δὲ
1187 778 1416 847 ένίους
1449 780 1575 851 μὲν
1610 777 1726 851 ἀφ’
1763 776 2025 837 ἑαυτῶν
2072 774 2243 835 οὕτω
2278 782 2658 843 κινεῖσθαι,
2705 776 2931 841 ένίους
2965 775 3031 833 δὲ

417 864 490 923 ἐκ
525 870 658 921 τῶν
703 862 1273 935 ἀναγνωσμάτων
1325 872 1458 920 τῶν
1501 863 2029 939 προειρημένων
2066 860 2331 937 ἀνδρῶν
2384 870 2633 917 τοῦτον
2667 859 2880 932 ’ἦχθαι
2914 860 3031 917 τὸν

416 951 695 1021 τρόπον.
775 944 899 1005 εἶτα
950 949 1136 1017 τέλος,
1187 944 1384 1019 ὥσπερ
1435 946 1563 1005 τινὰ
1615 949 1899 1020 κορωνίδα
1950 954 2050 1017 τῆς
2102 946 2445 1014 ἀποδείξεως
2496 945 2750 1016 ἐπάγων,
2805 943 2869 1003 ἐκ
2918 952 3033 1001 τῶν

346 1033 379 1084 5
417 1029 738 1108 Ὠριγένους
788 1034 977 1106 ῥητῶν
1026 1040 1096 1105 τῇ
1139 1030 1345 1090 ἑαυτοῦ
1395 1029 1729 1107 ὑπέγραψεν
1783 1030 2077 1103 ἐπιστολῇ,
2126 1028 2207 1097 ὼς
2240 1035 2459 1100 μᾶλλον
2493 1038 2686 1087 πεῖσαι
2719 1029 3033 1100 δυναμένου

415 1120 575 1191 παρὰ
626 1120 759 1184 τοὺς
799 1117 1205 1190 εὖαγγελιστάς
1244 1120 1342 1174 καὶ
1377 1117 1509 1183 τοὺς
1542 1114 1917 1181 ἀποστόλους.
1988 1113 2140 1173 ἔστιν
2192 1116 2253 1172 δὲ
2304 1115 2374 1172 τὰ
2428 1114 2573 1187 ῥητὰ
2624 1120 2827 1171 ταῦτα·
2887 1108 3032 1185 ὥρα

417 1202 954 1275 ἐπαναλαβόντα
989 1206 1150 1274 περὶ
1184 1200 1448 1271 πατρὸς
1480 1204 1596 1257 καὶ
1631 1198 1780 1258 υἱοῦ
1815 1204 1931 1258 καὶ
1966 1198 2168 1273 ἁγίου
2204 1198 2622 1268 πνεύματος,
2661 1196 2863 1268 ὀλίγα
2900 1204 3032 1253 τῶν

417 1289 576 1345 τότε
632 1285 1301 1361 παραλελειμμένων
1353 1289 1765 1353 διεξελθεῖν·
1823 1288 1985 1355 περὶ
2035 1283 2298 1357 πατρὸς
2350 1279 2439 1348 ῶς
2490 1281 2888 1351 ἀδιαίρετος
2940 1276 3031 1335 ὢν

413 1373 531 1428 καὶ
567 1370 946 1443 ἀμέριστος
979 1368 1134 1427 υἱοῦ
1169 1372 1487 1443 γίγνεται
1522 1372 1771 1444 πατήρ,
1820 1367 1897 1425 οὗ
1939 1367 2315 1442 προβαλὼν
2353 1366 2587 1433 αὐτόν,
2636 1363 2724 1431 ὼς
2760 1362 3034 1421 οἴονταί

309 1456 380 1509 10
413 1474 611 1521 τινες.
681 1453 746 1511 εἰ
798 1454 928 1527 γὰρ
987 1454 1354 1527 πρόβλημά
1414 1454 1602 1511 ἐστιν
1661 1452 1694 1508 ὁ
1753 1452 1901 1519 υἱὸς
1957 1462 2079 1509 τοῦ
2132 1454 2392 1523 πατρὸς
2443 1455 2559 1508 καὶ
2612 1450 2917 1521 γέννημα
2964 1447 3036 1516 ἐξ

414 1540 651 1608 αὑτοῦ,
689 1539 899 1597 ὁποῖα
935 1540 1014 1597 τὰ
1048 1546 1183 1595 τῶν
1219 1533 1410 1615 ζῴων
1445 1540 1875 1610 γεννήματα,
1928 1537 2195 1609 ἀνάγκη
2250 1544 2439 1605 σῶμα
2487 1530 2669 1592 εἶναι
2711 1534 2833 1591 τὸν
2870 1552 3032 1607 προ·

412 1626 722 1699 βαλόντα
761 1624 1031 1681 καὶτὸν
1066 1624 1656 1697 προβεβλημένον.

583 1828 679 1881 Nr.
715 1828 783 1883 38
819 1828 920 1895 (Re
956 1829 1042 1895 32)
1079 1835 1258 1884 ταῦτα
1295 1820 1581 1899 Ὠριγένης
1617 1827 1929 1897 γέγραφεν,
1966 1826 2042 1893 μὴ
2080 1820 2237 1893 παρὰ
2272 1826 2387 1877 τῶν
2422 1820 2593 1893 ἱερῶν
2629 1828 2938 1893 προφητῶν
2971 1840 3033 1878 τε

414 1914 513 1968 καὶ
565 1909 904 1967 ἀποστόλων
958 1913 1090 1985 περὶ
1141 1917 1239 1979 τῆς
1291 1910 1606 1979 ἀιδιότητος
1655 1918 1759 1966 τοῦ
1810 1910 1987 1979 λόγου
2038 1912 2249 1977 μαθεῖν
2298 1908 2622 1978 βουληθείς,
2676 1900 2800 1963 ἀλλ’
2852 1902 3033 1980 ἑαυτῷ

309 1996 376 2047 15
415 1992 678 2060 δεδωκὼς
713 1999 912 2052 πλεῖον
947 1996 1213 2069 δευτέραν
1249 1992 1526 2052 ὑπόθεσιν
1562 1996 1940 2065 διηγήσασθαι
1972 2000 2075 2049 τοῦ
2109 1991 2285 2061 λόγου
2320 1990 2505 2061 μάτην
2540 1996 2740 2066 τολμᾷ.

587 2198 684 2251 Nr.
721 2199 788 2252 39
825 2194 927 2265 (Re
961 2197 1050 2265 32)
1105 2191 1193 2252 ὅτι
1244 2197 1314 2253 τὰ
1367 2203 1603 2251 τοιαῦτα
1659 2193 1897 2267 γράφων
1932 2188 2219 2266 Ὠριγένης
2270 2190 2429 2258 ἰδίοις
2482 2189 2685 2266 ἐχρῆτο
2739 2191 3028 2261 δόγμασιν,

415 2285 586 2351 δῆλον
639 2274 742 2351 ἀφ’
775 2272 858 2337 ὧν
901 2283 999 2336 καὶ
1043 2280 1114 2337 τὰ
1149 2277 1352 2337 ἑαυτοῦ
1387 2277 1692 2352 ἀνατρέπει
1727 2277 2013 2343 πολλάκις.
2084 2274 2146 2333 ἐν
2199 2284 2338 2347 γοῦν
2390 2271 2565 2351 ἑτέρῳ
2616 2277 2811 2349 χωρίῳ
2862 2270 3029 2331 ἅτινα

415 2368 548 2439 περὶ
583 2370 728 2421 θεοῦ
762 2364 929 2435 λέγει,
966 2362 1290 2421 ἀκόλουθόν
1327 2362 1478 2420 ἐστιν
1512 2356 1851 2432 ὑπομνῆσαι.
1922 2360 2131 2434 γράφει
2166 2361 2227 2417 δὲ
2262 2354 2465 2425 οὕτως·
2519 2359 2598 2416 οὐ
2632 2360 2761 2433 γὰρ
2799 2358 2833 2415 ὁ
2868 2358 3033 2425 θεὸς

412 2452 640 2519 πατὴρ
675 2442 860 2505 εἶναι
896 2445 1154 2520 ἤρξατο
1191 2449 1660 2518 κωλυόμενος,
1699 2442 1788 2513 ῶς
1825 2444 1889 2502 02
1924 2446 2289 2517 γινόμενοι
2324 2443 2621 2516 πατέρες
2643 2440 3029 2515 ἅνθρωποι,

305 2538 377 2590 20
412 2532 541 2591 ὑπὸ
577 2541 699 2590 τοῦ
733 2535 820 2603 μὴ
855 2532 1200 2589 δύνασθαί
1235 2552 1336 2588 πω
1369 2532 1672 2605 πατέρες
1705 2526 1907 2588 εἶναι.
1978 2528 2039 2587 εἰ
2089 2528 2221 2601 γὰρ
2275 2524 2385 2585 ἀεὶ
2433 2528 2703 2596 τέλειος
2756 2526 2787 2583 ὁ
2839 2529 3030 2594 θεός,

411 2620 530 2675 καὶ
565 2617 906 2691 πάρεστιν
942 2616 1120 2688 αὐτῷ
1156 2616 1444 2686 δύναμις
1477 2623 1598 2673 τοῦ
1631 2614 1897 2683 πατέρα
1934 2613 2141 2671 αὑτὸν
2177 2608 2383 2679 εἶναι,
2420 2616 2537 2669 καὶ
2571 2612 2785 2669 καλὸν
2822 2610 3030 2668 αὐτὸν

413 2698 598 2761 εἶναι
649 2701 915 2773 πατέρα
950 2700 1270 2758 τοιούτου
1314 2698 1494 2765 υἱοῦ,
1550 2703 1664 2769 ‹gt-i>
1719 2698 2187 2770 ἀναβάλλεται
2221 2700 2337 2753 καὶ
2371 2704 2490 2754 τοῦ
2523 2701 2743 2753 καλοῦ
2779 2692 3031 2753 ἑαυτὸν

415 2789 768 2861 στερίσκει
802 2787 946 2852 καί,
983 2782 1075 2852 ὣς
1108 2782 1297 2843 ἔστιν
1333 2784 1582 2854 εἰπεῖν,
1636 2782 1710 2851 ἐξ
1745 2776 1822 2840 οὗ
1866 2782 2154 2840 δύναται
2190 2784 2409 2852 πατὴρ
2444 2776 2658 2848 εἶναι,
2713 2780 2790 2839 οὐ
2828 2782 3028 2852 ζγὶνε-

411 2893 527 2930 ται
562 2873 842 2944 πατήρ>;
886 2871 962 2927 τὸ
1000 2870 1165 2928 αὐτὸ
1200 2869 1529 2941 μέντοιγε
1562 2871 1869 2941 καὶπερὶ
1912 2877 2033 2924 τοῦ
2070 2865 2269 2939 ἁγίου
2305 2865 2700 2936 πνεύματος
2732 2867 3030 2924 λεκτέον.

305 2965 376 3018 25
412 2965 536 3024 πῶς
572 2950 678 3013 οὖν
717 2951 1039 3028 Ὠριγένους
1071 2958 1169 3012 καὶ
1202 2963 1370 3011 τοῦτο
1408 2953 1759 3026 γράψαντος,
1797 2953 1830 3008 ὁ
1866 2951 2150 3026 μακάριος
2182 2949 2310 3008 κατ’
2346 2951 2520 3009 αὐτόν
2562 2953 2843 3016 Παυλῖνος
2864 2958 3034 3007 τοῦτο

412 3042 521 3112 μὲν
556 3039 1012 3113 ἀποκρύψασθαι
1057 3039 1162 3096 οὐκ
1205 3037 1506 3096 ἀκίνδυνον
1557 3037 1820 3108 ἐνόμισεν
1831 3080 1843 3106 ,
1896 3040 2220 3110 χρήσασθαι
2272 3036 2331 3093 δὲ
2384 3035 2465 3102 εἰς
2514 3038 2868 3104 κατασκευὴν
2920 3041 3035 3090 τῶν

415 3123 597 3200 ἑαυτῷ
634 3124 956 3182 δοκούντων
991 3131 1113 3188 τοῖς
1145 3119 1450 3192 ἐναντίοις,
1503 3114 1586 3179 ὧν
1641 3122 1768 3179 οὐδὲ
1821 3119 1995 3178 αὑτὸν
2052 3117 2123 3177 ἂν
2160 3116 2414 3194 Ὠριγένη
2460 3117 2676 3189 εἴποιμι
2720 3119 2823 3176 τὸν
2862 3119 3037 3188 λόγον

415 3207 730 3268 ἀποδοῦναι
766 3207 1011 3265 δυνατὸν
1045 3203 1220 3272 εἷναι;

585 3411 680 3464 Nr.
717 3413 786 3465 40
824 3409 924 3478 (Re
959 3411 1044 3478 33)
1081 3407 1304 3474 τούτοις
1339 3407 1398 3464 δὲ
1440 3416 1562 3474 τοῖς
1596 3406 1788 3480 ῥητοῖς
1829 3401 1929 3464 καὶ
1964 3404 1996 3462 ό
2031 3404 2235 3462 τούτου
2271 3406 2457 3476 πατὴρ
2504 3403 2853 3473 πειθόμενος
2890 3404 3037 3458 Παυ-

312 3496 380 3550 30
414 3501 595 3564 λῒνος,
647 3492 826 3551 ταὺτᾰ
864 3492 1050 3564 λέγειν
1087 3511 1150 3550 τε
1183 3494 1280 3548 καὶ
1317 3491 1558 3565 γράφειν
1595 3491 1698 3548 οὐκ
1734 3491 1915 3560 ὀκνεῖ,
1968 3490 2111 3546 ποτὲ
2146 3489 2251 3559 μὲν
2289 3488 2615 3560 δεύτερον
2651 3487 2821 3544 θεὸν
2856 3485 3039 3556 λέγων

415 3579 517 3637 τὸν
576 3578 828 3651 Χριστὸν
887 3581 1002 3633 καὶ
1060 3584 1306 3632 τοῦτον
1362 3573 2007 3650 ἀνθρωπικώτερον
2066 3576 2491 3646 γεγενῆσθαι
2543 3573 2736 3636 θεόν,
2789 3569 2930 3627 ποτὲ
2980 3569 3040 3627 δὲ

415 3668 668 3733 κτίσμα
725 3660 932 3720 αὐτὸν
987 3655 1168 3718 εἶναι
1220 3661 1623 3734 διοριζόμενος.
1697 3657 1784 3718 ὅτι
1829 3660 1889 3718 δὲ
1932 3655 2096 3716 τοῦθ’
2134 3652 2313 3724 οὕτως
2349 3652 2490 3728 ἔχει,
2540 3659 2640 3712 καὶ
2694 3654 2839 3728 πρὸς
2890 3655 3042 3724 ἡμᾶς

415 3768 576 3816 ποτε,
613 3750 713 3817 τὴν
750 3744 1016 3819 Ἄγκυραν
1056 3742 1229 3814 διιὼν,
1265 3747 1521 3814 κτίσμα
1557 3739 1740 3802 εἶναι
1773 3744 1895 3801 τὸν
1931 3742 2234 3817 Χριστόν
2269 3737 2537 3812 ἔφασκεν.

417 4036 505 4098 28,
553 3967 789 4086 7Ξ-1-212
824 3965 906 4030 21,
931 3966 1110 4017 9-22
1143 3995 1209 4004 --
1245 3967 1498 4021 13—15
1530 3968 1612 4029 21,
1633 3965 1927 4030 24—22,2
1959 3993 2024 4002 --
2062 3962 2322 4018 16—28
2356 3961 2446 4024 22,
2468 3961 2648 4012 8—23
2674 3989 2739 3996 —
2778 3959 3043 4014 29—33

590 4171 629 4222 6
665 4166 777 4238 vgl.
815 4167 1081 4237 Origenes
1117 4167 1188 4223 de
1221 4167 1391 4239 princ.
1432 4168 1522 4232 IV,
1563 4173 1607 4230 1,
1644 4170 1711 4222 28
1745 4198 1811 4206 -
1852 4167 1929 4222 18
1975 4165 2242 4235 Origenes
2276 4163 2335 4218 in
2371 4163 2505 4218 Gen.
2544 4179 2737 4217 comm.
2775 4161 2811 4216 1.
2850 4162 2873 4214 Ι
2911 4161 3040 4231 (vgl.

420 4235 740 4306 Pamphilus
779 4235 922 4305 apol.
959 4237 1012 4303 3)
1048 4264 1114 4274 -
1152 4237 1229 4292 25
1270 4236 1377 4305 vgl.
1417 4236 1468 4291 S.
1492 4236 1609 4300 204,
1637 4239 1668 4290 ε’)

595 4372 631 4426 5
685 4368 890 4439 ῥητῶν]
939 4378 1003 4433 -4-
1047 4389 1173 4425 τινα
1210 4370 1303 4424 Mo
1367 4372 1374 4437 1
1439 4375 1538 4438 τῆς
1573 4411 1585 4424 .
1626 4414 1637 4425 .
1674 4367 1971 4437 ἐπιπολῆς
2008 4369 2071 4430 V,
2108 4385 2247 4423 eorr.
2285 4367 2378 4421 Mo
2445 4369 2452 4433 1
2520 4367 2599 4421 10
2650 4363 2902 4434 γέννημα
2940 4364 3046 4418 We

419 4445 594 4514 γεννᾷ
629 4437 736 4507 μὲν
773 4438 820 4492 V
867 4437 978 4507 vgl.
1016 4455 1082 4491 zu
1119 4439 1169 4493 S.
1207 4439 1289 4505 21,
1327 4441 1387 4493 21
1465 4440 1472 4505 1
1552 4439 1628 4493 18
1665 4436 1971 4508 γέγραφεν]
2019 4444 2083 4499 -1-
2118 4435 2257 4490 καὶῗ
2333 4437 2340 4502 Ι
2417 4434 2493 4489 15
2530 4427 2842 4488 ὑπόστασιν
2878 4433 2972 4486 Mo

418 4506 607 4608 μάτην
643 4507 716 4560 m
768 4509 982 4592 μαθεῖν
1017 4506 1066 4558 V
1120 4507 1235 4566 (sizr.
1284 4506 1384 4571 Re)
1460 4507 1467 4572 1
1545 4506 1630 4590 18,
1675 4505 1842 4606 θεόςζ
1886 4504 2105 4558 danaeh
2152 4501 2375 4557 Lfleke‘?
2426 4519 2461 4555 v
2503 4501 2538 4557 Ι.
2590 4518 2667 4586 zu¹
2702 4500 2752 4555 S.
2790 4501 2873 4560 22,
2914 4502 2975 4552 11

420 4573 1166 4714 ᾗῆεττάιῆπξατδόὲτίἰᾷνιῗαάὴ
1190 4575 1282 4695 2Βὶ
1302 4573 1443 4711 332⁶·
1461 4581 1526 4692 .ὶῆ
1561 4577 1881 4708 orfito&
1911 4571 2089 4704 ιῩὶῙιὶιῗςν
2131 4570 2366 4711 Lloz'ggt
2395 4569 2520 4693 ἓνει
2552 4570 2669 4698 Vk?
2691 4563 3048 4717 οόττῗβὶιὲῑῖοἰ]

419 4709 640 4780 εἴποιμι
685 4710 765 4764 Re
817 4705 952 4765 εἴτι
997 4709 1036 4760 V
1087 4709 1096 4776 l
1151 4710 1229 4765 28
1267 4714 1414 4764 εἰναι
1450 4709 1600 4762 Zahn
1638 4705 1706 4778 ἦν
1743 4707 1790 4762 V
1858 4710 1866 4776 Ι
1932 4707 2012 4762 80
2046 4713 2223 4762 ταῦτα
2260 4705 2310 4758 V
2452 4707 2525 4761 81
2566 4704 2709 4760 θεὸν
2744 4721 2801 4756 m
2834 4701 3029 4757 θεοῦῖ
