3694 5582
554 540 558 544 .
629 507 709 569 94
1807 501 2077 557 Eusebius

628 693 785 756 μου,
842 657 926 734 ὃν
969 660 1341 753 ηὐδόκησεν
1383 660 1425 755 ἦ
1469 662 1650 756 ψυχή
1693 694 1838 755 μου.
1926 669 2149 736 ἔδωκα
2209 663 2293 734 τὸ
2356 659 2617 752 πνεῦμα
2660 690 2789 751 μου
2850 658 2953 732 ἐπ’
3016 658 3250 747 αὐτόν,

631 770 852 852 κρίσιν
896 781 1044 846 τοῖς
1087 767 1358 837 ἔθνεσιν
1401 770 1698 852 ἐξοίσειι.

800 864 899 950 ιζ.
951 872 1342 953 προφητῶν
1383 869 1456 936 δὲ
1501 865 1706 948 ἄλλος
1751 865 1937 955 ζωὴν
1978 861 2193 936 αὐτὸν
2234 870 2348 934 καὶ
2394 870 2547 950 φῶς
2608 860 2957 952 (ὀνόμαζεν
3018 865 3093 933 ἐν
3147 867 3251 951 τῷ
3287 885 3357 940 ’76

635 981 1076 1049 προσφωνεῖν
1117 971 1222 1054 τῷ
1269 971 1412 1054 θεῷ
1457 971 1568 1036 καὶ
1613 972 1834 1055 λέγειν
1894 959 2043 1036 »ὅτι
2092 963 2276 1051 παρὰ
2329 970 2434 1034 σοὶ
2492 962 2675 1053 πηγὴ
2740 968 2950 1052 ζωῆς,
3013 966 3089 1032 ὲν
3148 967 3253 1050 τῷ

567 1075 600 1128 5
637 1071 822 1148 φωτί
866 1086 990 1134 σου
1031 1057 1348 1152 ὀψόμεθα
1403 1072 1616 1151 φῶςι.
1703 1073 1806 1148 τίς
1868 1064 1995 1153 γὰρ
2056 1055 2141 1153 ἦν
2202 1058 2245 1152 ἦ
2304 1061 2487 1152 παρὰ
2546 1068 2649 1152 τῷ
2704 1069 2851 1152 θεῷ
2906 1060 3087 1151 πηγὴ
3133 1066 3255 1150 τῆς

637 1167 815 1249 ζωῆς
856 1168 966 1232 καὶ
1012 1161 1093 1233 τὸ
1141 1171 1293 1250 φῶς
1335 1160 1380 1253 ἢ
1425 1161 1632 1248 αὐτὸς
1677 1159 1716 1235 ὁ
1761 1167 1836 1235 ἐν
1882 1161 2289 1252 εὐαγγελίοις
2331 1164 2547 1234 εἰπῶν
2597 1161 2767 1251 »ἐγώ
2812 1167 2944 1250 εἰμι
2986 1159 3071 1231 τὸ
3105 1167 3253 1248 φῶς

635 1267 760 1331 τοῦ
799 1257 1125 1350 κόσμουι,
1184 1270 1296 1335 καὶ
1355 1264 1524 1353 »ἐγώ
1570 1271 1700 1354 εἰμι
1741 1260 1782 1353 ἦ
1829 1258 1988 1345 ὁδὸς
2032 1271 2143 1334 καὶ
2186 1258 2227 1351 ἦ
2272 1257 2561 1350 ἀλήθεια
2615 1268 2727 1333 καὶ
2772 1257 2814 1352 ἦ
2876 1257 3090 1350 ζωή«;
3150 1258 3255 1332 διὸ

637 1359 846 1432 πάλιν
887 1361 1216 1435 ἱκετεύων
1259 1358 1298 1433 0‘
1341 1361 1706 1454 προφήτης
1747 1368 1823 1435 ἐν
1878 1360 2035 1451 εὐχῇ
2088 1361 2262 1452 πρὸς
2320 1359 2449 1433 τὸν
2508 1360 2681 1434 θεὸν
2742 1369 2921 1450 λέγει
2976 1357 3253 1448 »ἐξαπό-

639 1471 913 1533 στειλον
957 1459 1039 1532 τὸ
1085 1469 1236 1548 φῶς
1279 1486 1400 1533 σου
1442 1471 1554 1535 καὶ
1598 1463 1728 1552 τὴν
1770 1459 2103 1552 ἀλήθειάν
2146 1486 2291 1534 σου·
2338 1458 2511 1533 αὐτά
2552 1487 2633 1550 με
2676 1456 3045 1550 ὅδηγήσειι.

537 1571 605 1625 10
806 1558 912 1649 ιη’.
995 1557 1326 1648 ἀλήθειαν
1398 1568 1470 1634 δὲ
1539 1560 1752 1634 αὐτὸν
1819 1569 1933 1634 καὶ
1998 1559 2379 1652 Ζοροβάβελ
2452 1557 2765 1632 ἇνειπῶν
2833 1567 3253 1650 νικητηρίων

639 1655 925 1749 ἠξιώθη,
970 1653 1074 1730 ὅτ’
1118 1664 1227 1731 ἐπὶ
1273 1667 1399 1732 τοῦ
1434 1668 1724 1751 Περσῶν
1765 1668 2095 1745 βασιλέως
2138 1657 2643 1750 ἀναγέγραπται
2684 1661 2971 1750 εἰρηκώς
3019 1667 3167 1732 »καὶ
3210 1655 3253 1749 ἦ

641 1754 930 1847 ἀλήθεια
970 1764 1152 1847 μένει
1193 1767 1307 1830 καὶ
1349 1759 1555 1848 ἰσχύει
1597 1767 1692 1845 εἰς
1743 1761 1872 1832 τὸν
1924 1767 2163 1847 αἰῶνα,
2225 1768 2338 1831 καὶ
2404 1767 2482 1848 ζῇ
2541 1767 2653 1830 καὶ
2712 1778 2953 1848 κρατεῖ
2988 1765 3085 1843 εἰς
3126 1757 3255 1830 τὸν
3288 1776 3357 1829 77

640 1862 861 1928 αἰῶνα
905 1864 1032 1930 τοῦ
1073 1863 1340 1942 αἰῶνος.
1424 1867 1536 1932 καὶ
1580 1857 1704 1932 οὐκ
1749 1864 1936 1933 ἔστιν
1975 1856 2132 1947 παρ’
2178 1856 2351 1950 αὐτῇ
2396 1868 2623 1944 λαβεῖν
2665 1854 3034 1948 πρόσωπα,
3082 1853 3255 1930 ἀλλὰ

639 1955 727 2026 τὰ
771 1962 994 2028 δίκαια
1046 1977 1252 2044 ποιεῖ,
1316 1956 1454 2032 ἀπὸ
1514 1958 1807 2033 πάντων
1862 1967 2011 2031 τῶν
2056 1957 2309 2032 ἀδίκων
2351 1965 2463 2029 καὶ
2504 1965 2835 2047 πονηρῶν
2882 1955 3255 2048 ἆπέχεταιι.

535 2071 602 2124 15
638 2054 744 2138 οἷς
786 2061 1074 2146 ἐπιλέγει
1141 2067 1288 2129 »καὶ
1341 2056 1550 2149 αὐτῆς
1603 2056 1645 2149 ἦ
1689 2059 1871 2147 ἰσχὺς
1922 2066 2035 2130 καὶ
2091 2057 2171 2130 τὸ
2214 2065 2555 2143 βασίλειον
2598 2066 2711 2130 καὶ
2754 2055 2797 2148 ἦ
2839 2062 3103 2145 ἐξουσία
3144 2065 3255 2128 καὶ

641 2152 682 2243 ἦ
723 2155 1144 2246 μεγαλοσύνη
1187 2155 1480 2230 πάντων
1533 2166 1682 2230 τῶν
1726 2159 2063 2232 αἰῶνωνι.
2151 2164 2273 2249 ζῆν
2315 2157 2440 2248 γὰρ
2485 2159 2705 2230 εἰπῶν
2748 2157 2881 2247 τὴν
2920 2153 3255 2248 ἀλήθειαν

637 2261 750 2325 καὶ
793 2261 993 2326 νικᾶν
1036 2264 1148 2328 καὶ
1191 2276 1492 2346 κρατεῖν,
1553 2259 2130 2349 ἐμφαντικῶτατα
2180 2263 2605 2347 παρέστησεν
2656 2254 2865 2346 αὐτῆς
2920 2258 3053 2348 τὴν
3092 2255 3257 2329 ὖπό-

639 2375 890 2426 στασιν.
977 2353 1083 2438 οἷς
1135 2353 1540 2442 ἀκολούθως
1597 2366 1711 2429 καὶ
1763 2354 1971 2441 αὐτὸς
2024 2353 2063 2430 ὅ
2108 2357 2342 2448 σωτὴρ
2402 2354 2735 2448 ἀλήθειαν
2793 2355 3043 2428 ἑαυτὸν
3102 2350 3255 2428 ὄνο-

635 2449 871 2542 μᾶζων
915 2454 1047 2544 τὴν
1089 2463 1216 2528 τοῦ
1261 2456 1644 2546 Ζοροβάβελ
1685 2465 2060 2548 μαρτυρίαν
2104 2461 2649 2547 ἑπεσφραγίςετο.

535 2566 603 2622 20
803 2552 918 2624 ιθ’.
977 2562 1088 2626 καὶ
1131 2558 1448 2647 ποταμὸν
1492 2564 1564 2630 δὲ
1608 2554 1822 2630 αὐτὸν
1868 2554 2224 2645 ὠνόμασεν
2268 2553 2307 2628 ὁ
2352 2556 2569 2628 εἰπών
2617 2563 2781 2628 »τοῦ
2822 2563 3141 2646 ποταμοῦ
3168 2555 3255 2628 τὰ
3291 2573 3359 2628 78

639 2645 994 2742 ὁρμήματα
1037 2651 1512 2745 εὐφραίνουσιν
1557 2657 1689 2746 τὴν
1727 2653 1935 2729 πόλιν
1979 2663 2105 2728 τοῦ
2144 2662 2371 2729 θεοῦι.

803 2753 880 2823 κ’.
937 2749 1065 2843 ἤδη
1111 2761 1182 2827 δὲ
1224 2763 1335 2827 καὶ
1381 2749 1540 2845 ὄρος
1581 2776 1955 2846 προσεῖπεν
1998 2751 2035 2828 ὁ
2083 2753 2301 2846 φήσας
2351 2753 2469 2827 »τὸ
2514 2749 2675 2846 ὄρος
2720 2749 2757 2827 ὃ
2800 2751 3171 2847 ηὐδόκησεν
3212 2750 3253 2829 ὅ
3290 2769 3357 2825 79

638 2850 800 2934 θεὸς
843 2873 1190 2927 κατοικεῖν
1227 2861 1301 2928 ἐν
1344 2853 1592 2948 αὖτῷι.
1631 2866 1640 2941 l
1679 2854 1785 2928 διὸ
1827 2862 1939 2927 καὶ
1983 2857 2169 2945 παρὰ
2212 2862 2315 2947 τῷ
2347 2855 2598 2947 Δανιὴλ
2649 2860 2756 2941 »ἐξ
2784 2848 3019 2944 ὄρους(
3057 2862 3254 2938 λίθος
3287 2870 3370 2925 98

639 2958 922 3039 τμηθεὶς
972 2952 1169 3024 »ἄνευ
1208 2962 1492 3044 χειρῶν(
1540 2964 1653 3027 καὶ
1693 2955 1903 3027 πάλιν
1948 2950 1987 3026 ό
2032 2952 2240 3037 αὐτὸς
2285 2952 2923 3044 α’ποκαθιστᾶμενος
2967 2960 3060 3037 εἰς
3094 2948 3253 3043 ὄρος

535 3066 602 3119 25
637 3046 909 3138 ὑψηλὸν
953 3052 1240 3142 ἑωρᾶτο,
1287 3061 1412 3126 τοῦ
1455 3062 1576 3144 μὲν
1621 3049 1822 3144 ὄρους
1864 3055 1997 3145 τὴν
2036 3053 2463 3145 προΰπαρξιν
2506 3060 2628 3141 τῆς
2657 3050 3001 3142 θεότητος
3042 3050 3256 3125 αὐτοῦ

639 3155 1110 3238 σημαίνοντος,
1156 3160 1284 3226 τοῦ
1327 3159 1398 3225 δὲ
1439 3163 1647 3228 λίθου
1691 3154 1820 3245 τὴν
1864 3151 2393 3244 ἄνθρωπότητα.

781 3246 923 3320 ’κα’.
994 3256 1103 3319 καὶ
1165 3252 1597 3344 δικαιοσύνην
1657 3261 1730 3326 δὲ
1791 3250 2006 3327 αὐτὸν
2058 3251 2349 3327 ἐκάλουν
2402 3250 2499 3337 ῶς
2543 3248 2583 3324 ὅ
2636 3260 2857 3343 λέγων
2924 3262 3065 3337 »τίς
3106 3251 3251 3343 ἐξή-
3286 3272 3359 3327 80

638 3374 856 3435 γειρεν
899 3343 1038 3421 ἀπὸ
1081 3346 1447 3425 ἀνατολῶν
1491 3351 1985 3443 δικαιοσύνην;«

801 3448 986 3537 <κβ’.>
1056 3456 1169 3521 καὶ
1228 3446 1430 3540 ἥλιον
1481 3451 1909 3542 δικαιοσύνης
1954 3450 2051 3536 ῶς
2104 3448 2144 3525 ὅ
2188 3453 2405 3525 εἰπῶν
2462 3470 2644 3536 »τοῖς
2687 3458 2759 3523 δὲ
2802 3458 3255 3543 φοβουμένοις

531 3564 600 3619 30
635 3575 714 3636 με
777 3544 1094 3621 ἄνατελεῖ
1146 3545 1342 3639 ἥλιος
1401 3552 1854 3643 δικαιοσύνης,
1914 3560 2026 3625 καὶ
2078 3556 2250 3635 ἴασις
2302 3558 2377 3625 ἐν
2431 3569 2579 3635 ταῖς
2638 3557 2961 3640 πτέρυξιν
3022 3549 3251 3624 αὐτοῦ.

633 3655 744 3717 καὶ
789 3647 998 3729 ἄλλος
1045 3648 1385 3721 »δύσεταιι
1437 3657 1642 3741 φησὶν
1690 3647 1764 3723 »ὁ
1808 3648 2003 3741 ἥλιος
2046 3655 2158 3722 ἐπὶ
2201 3653 2363 3734 τούς
2404 3650 2803 3743 προφήτας(
2858 3652 3057 3735 »τοὺς
3084 3661 3253 3723 πλα-

637 3753 907 3828 νῶντας
951 3747 1078 3819 τὸν
1123 3746 1293 3821 λαόν
1335 3775 1534 3839 μουα·
1577 3746 1660 3822 οὗ
1703 3751 1828 3840 γὰρ
1874 3750 1956 3841 δὴ
2001 3758 2218 3823 ταῦτα
2250 3758 2351 3841 τῷ
2398 3758 2708 3841 αἰσθητῷ
2754 3748 3123 3841 ἑφαρμόζοι
3166 3748 3252 3823 ἂν

633 3842 827 3936 ἡλίῳ,
881 3854 993 3921 60*
1049 3843 1198 3920 ἀλλ’
1244 3845 1400 3921 οὐδὲ
1444 3856 1544 3939 τῷ
1589 3848 1894 3940 ἐνσᾶρκῳ
1940 3848 2143 3940 λόγῳ.

803 4068 840 4122 4
876 4068 962 4123 Ρε.
1000 4072 1084 4137 35,
1122 4072 1187 4125 10
1220 4099 1287 4107 -
1322 4071 1359 4125 6
1394 4070 1518 4125 Joh.
1552 4070 1600 4129 8.
1640 4071 1704 4125 12
1749 4099 1816 4109 ——
1865 4071 1892 4126 '2
1935 4071 2058 4127 Joh.
2099 4075 2178 4137 14,
2214 4074 2247 4127 6
2299 4101 2366 4111 -
2416 4072 2451 4127 8
2486 4072 2575 4126 Ps.
2609 4072 2692 4138 42,
2729 4072 2762 4126 3
2814 4100 2882 4111 -
2938 4070 3012 4126 11
3052 4070 3077 4123 Ι
3111 4069 3251 4124 Εετε,

629 4170 678 4228 4,
716 4168 796 4222 38.
833 4171 900 4225 39
937 4200 1004 4209 -
1042 4170 1118 4227 15
1155 4172 1180 4223 1
1216 4170 1355 4226 Earn,
1387 4177 1436 4236 4,
1471 4173 1542 4227 40
1575 4202 1642 4210 -
1679 4172 1758 4229 18
1793 4172 1917 4227 Joh.
1953 4176 2035 4236 14,
2072 4174 2105 4228 6
2139 4202 2209 4213 —-
2254 4174 2334 4229 20
2370 4174 2457 4228 Pa.
2494 4174 2579 4240 45,
2616 4176 2647 4229 5
2702 4201 2769 4211 —
2819 4171 2901 4227 22
2938 4171 3025 4225 Ps.
3062 4172 3144 4234 67,
3183 4174 3249 4225 17

630 4298 697 4306 —
751 4269 830 4324 28
883 4270 1209 4339 Dan.2,34
1263 4302 1328 4313 --
1381 4274 1462 4329 24
1505 4272 1644 4327 Dan.
1681 4274 1728 4336 2,
1765 4276 1832 4328 35
1884 4302 1951 4313 -
2005 4273 2078 4329 27
2132 4274 2427 4343 Jes.41,‘2
2480 4304 2547 4313 --
2600 4274 2679 4330 29
2715 4273 2845 4327 Mal.
2880 4272 2999 4339 4‚2
3052 4300 3117 4311 ——
3168 4272 3243 4328 81

630 4368 815 4425 Mioha
849 4373 896 4439 3,
933 4374 982 4427 6.
1018 4376 1050 4429 5

802 4575 832 4627 1
873 4592 986 4641 μου
1021 4570 1258 4633 ἐναυτὸν
1294 4576 1344 4630 V
1409 4578 1420 4644 Ι
1487 4576 1524 4632 8
1561 4576 1743 4646 λέγων
1781 4578 1845 4644 V,
1884 4595 2019 4633 corr.
2056 4578 2129 4632 Kl
2182 4580 2192 4647 Ι
2256 4578 2295 4633 9
2332 4572 2631 4647 ὣδήγησαν
2667 4576 2813 4629 LXX
2860 4577 2869 4645 Ι
2927 4575 2999 4631 18
3032 4574 3070 4629 l.
3107 4575 3249 4647 πρό·

630 4676 864 4731 σωπονῗ
929 4679 938 4747 Ι
1003 4679 1081 4734 29
1117 4675 1204 4750 κβ
1244 4678 1314 4732 Kl
