3694 5582
249 2687 346 2747 ..7
478 2728 484 2736 Ι
596 2675 620 2724 s

665 457 744 518 30
1841 449 2109 508 Eusebius

570 678 578 696 ,
653 635 682 688 ί
721 634 738 689 )
788 616 928 700 (Nr.
955 620 1060 701 90)
1090 610 1239 686 ἀλλ’
1287 609 1325 686 ὁ
1369 620 1871 736 προειρημένος,
1916 622 2159 705 βραχέα
2206 621 2352 686 τῶν
2394 611 2611 705 ἁγίων
2651 622 3038 704 προφητῶν
3080 641 3284 704 φρον-

788 720 1004 798 τίσας,
1087 711 1184 796 ῶς
1255 710 1724 806 ἀπόρρητόν
1783 745 1965 788 τινα
2024 722 2154 786 καὶ
2214 712 2781 788 λανθάνουσαν
2840 721 2983 788 τοῦ
3042 712 3285 787 ἇποσ-

789 808 1034 884 τόλου
1091 824 1526 904 θεολογίαν
1595 814 2153 906 ἐξηγούμενος,
2231 815 2377 899 »εἷς
2438 811 2662 898 θεὸς(
2722 819 2870 905 ἔφη
2946 813 3093 898 »εἷς
3152 821 3283 885 καὶ

787 919 1110 1000 μεσίτης
1155 920 1350 985 θεοῦ
1385 923 1514 986 καὶ
1553 913 2044 1006 ἀνθρώπων,
2090 915 2525 1004 ἄνθρωπος
2556 916 2903 1004 Χριστὸς
2930 910 3277 1004 Ἰησοῦςι.

597 1025 630 1078 5
794 1017 802 1102 Ι
847 1019 958 1082 καὶ
1003 1007 1040 1082 ὁ
1085 1018 1304 1084 ταῦτα
1354 1012 1623 1104 γράψας
1672 1023 1784 1088 καὶ
1837 1012 2105 1106 σφόδρα
2164 1019 2274 1087 ἐπὶ
2336 1019 2440 1104 τῷ
2500 1019 2882 1104 μεμνῆσθαι
2934 1021 3082 1085 τῶν
3125 1040 3281 1102 γρα-
3316 1029 3493 1098 60129

791 1120 950 1199 φῶν
989 1122 1434 1201 μεγαλαυχῶν
1476 1111 1602 1186 ούκ
1644 1113 2001 1205 ἐνενόησεν
2054 1108 2164 1186 ὅτι
2208 1109 2247 1186 ὁ
2305 1121 2519 1186 τοῦτο
2577 1112 2841 1204 γράψας
2896 1109 3283 1203 ἆγιῶτατος

791 1207 1181 1294 ἀπόστολος
1237 1208 1508 1286 κάκεῖνο
1563 1220 1895 1305 γέγραφεν
1962 1209 2073 1298 »ὃς
2132 1220 2208 1286 ἐν
2266 1221 2499 1304 μορφῇ
2555 1221 2725 1286 θεοῦ
2778 1210 3107 1303 ὑπάρχων
3164 1210 3285 1302 οὐχ

791 1307 1146 1400 ἁρπαγμόν
1177 1307 1476 1400 ἡγήσατο
1521 1314 1604 1386 τὸ
1649 1314 1821 1386 εἶναι
1866 1319 1975 1386 ἶσα
2018 1322 2193 1404 θεῷ,
2238 1309 2389 1386 ἀλλ’
2433 1318 2766 1386 ἐκένωσεν
2810 1309 3080 1392 ἑαυτόν,
3125 1340 3285 1402 μορ-

792 1410 934 1500 φὴν
987 1409 1238 1482 δούλου
1279 1412 1540 1498 λαβών,
1594 1418 1668 1484 ἐν
1721 1409 2101 1504 ὁμοιώματι
2144 1410 2531 1500 άνθρῶπου
2574 1410 2937 1502 γενόμενος
2976 1421 3091 1484 καὶ
3132 1409 3285 1501 σχή-

568 1529 635 1584 10
792 1529 954 1600 ματι
1009 1508 1306 1598 εὑρεθεὶς
1363 1542 1460 1594 ως
1518 1511 1953 1602 ἄνθρωποςι.
2044 1509 2207 1606 ὁρᾷς
2250 1541 2447 1595 οπως
2506 1510 2760 1601 (ῶσπερ
2810 1512 3123 1599 προϊδών
3178 1518 3281 1601 τῷ
3316 1527 3389 1583 61

792 1609 1125 1700 πνεύματι
1187 1609 1318 1700 τὴν
1361 1609 1639 1686 τούτων
1681 1621 2118 1702 κακουργίαν)
2162 1620 2277 1688 39*
2320 1607 2357 1684 ὁ
2402 1611 2579 1702 ἱερὸς
2620 1610 3013 1695 ἀπόστολος
3056 1605 3281 1694 οὕτως

793 1714 867 1783 ἐν
931 1711 1142 1801 ἑτέρῳ
1203 1717 1388 1802 μέρει
1447 1711 1530 1783 τὸ
1600 1710 1731 1796 »ῶς
1775 1713 2186 1801 ανθρωποςι
2238 1715 2531 1802 ἔγραψεν
2582 1719 2697 1784 καὶ
2754 1716 2863 1783 »ἐν
2906 1705 3287 1800 ὁμοιώματι

795 1807 1180 1898 άνθρῶπου
1241 1808 1672 1901 γενόμενοςι,
1746 1816 1859 1886 ἵνα
1918 1812 2141 1900 παύσῃ
2203 1809 2437 1883 αὐτῶν
2498 1809 2631 1900 τὴν
2689 1809 3035 1900 τοσαύτην
3094 1821 3287 1897 βλασ-

795 1915 1068 1999 wulw-

554 2025 637 2169 1)5
670 2017 782 2082 καὶ
823 2006 977 2099 μεθ’
1023 2011 1218 2098 ἕτερα
1261 2010 1390 2083 τὸν
1434 2008 1648 2084 αὐτὸν
1691 2032 2109 2099 συκοφαντεῖ
2150 2003 2287 2082 ὧδέ
2326 2039 2476 2091 πως

793 2113 933 2198 (Nr.
993 2119 1100 2196 91)
1169 2118 1319 2230 πῶς
1378 2103 1505 2183 οὖν
1571 2110 1846 2195 τούτοις
1913 2111 2003 2202 μὴ
2072 2110 2395 2200 προσχῶν
2456 2105 2773 2195 Εὐσέβιος
2839 2105 3093 2198 μόνον
3153 2107 3283 2179 ἄν·

795 2221 1134 2295 θρωπον
1177 2209 1321 2281 τὸν
1373 2217 1696 2300 σωτῆρα
1738 2213 1949 2283 εἶναι
1990 2209 2337 2297 βούλεται;
2400 2205 2483 2283 ού
2526 2215 2839 2298 φανερῶς
2884 2214 3011 2298 μὲν
3070 2214 3281 2282 τοῦτο
3316 2221 3391 2276 62

797 2315 1016 2398 λέγειν
1074 2317 1385 2399 τολμῶν,
1449 2316 1661 2382 τοῦτο
1721 2315 1792 2381 δὲ
1850 2306 2259 2399 βουλόμενος
2315 2304 2450 2381 ύπὸ
2509 2315 2657 2379 τῶν
2698 2312 2891 2378 ἰδίων
2948 2312 3286 2398 ἐλέγχεται

335 2099 559 2166 ss‘ss'

796 2406 1079 2499 ῥήσεων.

571 2530 640 2586 20
671 2517 785 2579 καὶ
827 2503 866 2580 ὁ
911 2515 1128 2580 ταῦτα
1181 2509 1402 2580 είπῶν
1455 2505 1582 2579 τὸν
1631 2505 1851 2582 αὐτὸν
1890 2515 2358 2598 κατεμέμφετο
2410 2505 2509 2591 ῶς
2558 2505 2731 2579 θεὸν
2784 2504 3285 2596 άναγορεύοντα

673 2607 804 2679 τὸν
841 2604 1012 2692 υἱόν,
1057 2604 1346 2697 γράφων
1391 2603 1617 2690 οὕτως

799 2711 939 2795 (Nr.
981 2714 1084 2797 72)
1147 2713 1387 2780 διελεῖν
1439 2705 1564 2798 γὰρ
1610 2707 1736 2779 τὸν
1781 2703 1993 2797 λόγον
2039 2713 2166 2780 τοῦ
2208 2715 2377 2780 θεοῦ
2422 2706 2789 2799 τολμήσας,
2852 2713 2967 2779 καὶ
3010 2708 3288 2795 ἕτερον

797 2807 996 2881 θεὸν
1047 2808 1190 2881 τὸν
1241 2804 1486 2894 λόγον
1513 2802 1898 2927 εὀνομάσας,
1944 2804 2169 2901 ούσίᾳ
2212 2838 2297 2881 τε
2338 2816 2469 2880 καὶ
2521 2808 2853 2901 δυνάμει
2897 2813 3288 2881 διεστῶτα

797 2914 942 2980 τοῦ
987 2906 1320 2996 πατρός,
1367 2914 1460 2991 είς
1507 2900 1676 2995 όσην
1718 2915 2152 2997 βλασφημίαν
2196 2913 2655 2981 ἐκπέπτωκεν.

571 3028 639 3083 25
839 3014 1141 3080 τοσαῦτα
1183 3014 1294 3077 καὶ
1337 3006 1612 3078 τούτων
1643 3010 1742 3078 ἔτι
1771 3015 2009 3129 μακρῷ
2041 3006 2473 3093 πλείονα,ού
2500 3008 2675 3081 κατὰ
2705 3008 2945 3099 μόνων
2974 3015 3121 3079 τῶν
3150 3012 3287 3078 ἐπι·
3320 3018 3393 3073 63

675 3102 982 3187 σκόπων,
1054 3105 1229 3179 ἀλλὰ
1299 3114 1411 3177 καὶ
1481 3105 1656 3178 κατὰ
1725 3112 1847 3196 τῆς
1916 3104 2145 3195 ύγιοῦς
2204 3114 2317 3179 καὶ
2375 3112 2930 3199 ἐκκλησιαστικῆς
2996 3116 3289 3187 πίστεως

673 3210 1036 3295 ἐκθέμενος
1081 3202 1502 3295 Μάρκελλος,
1563 3210 1768 3294 δῆλος
1819 3202 1908 3277 ἂν
1960 3211 2062 3296 εἴη
2106 3204 2349 3291 ὁποίας
2392 3204 2598 3291 αὐτὸς
2640 3205 2939 3299 ύπῆρχεν
2981 3212 3289 3295 προαιρέ-

675 3330 860 3391 σεως.
931 3300 1042 3378 ὅτι
1084 3301 1148 3375 δ’
1195 3302 1393 3377 οὐδὲν
1435 3310 1560 3395 τῆς
1603 3302 1929 3393 ἀληθείας
1974 3308 2205 3394 ἔμελεν
2248 3313 2349 3397 τῷ
2384 3302 2595 3395 άνδρί,
2641 3306 2890 3397 μάθοις
2935 3304 3021 3379 ἂν
3060 3302 3291 3386 αύταῖς

673 3408 980 3495 ἑντυχῶν
1023 3424 1172 3487 ταῖς
1213 3412 1362 3477 τῶν
1405 3400 1802 3477 ἐπισκόπων
1854 3411 2272 3492 ἐπιστολαῖς,
2334 3412 2409 3479 ἐν
2452 3409 2555 3491 αἶς
2600 3404 2897 3497 εύρῆσεις
2956 3403 3172 3478 αὐτὸν
3210 3402 3291 3475 τὸ

571 3524 640 3579 30
673 3514 796 3596 μὲν
835 3512 978 3579 πᾶν
1020 3512 1214 3594 σῶμα
1267 3510 1389 3593 τῆς
1451 3510 1750 3587 διανοίας
1810 3512 1961 3576 τῶν
2022 3512 2270 3593 λέξεων
2330 3504 2938 3599 άκρωτηριάζοντα
2996 3514 3110 3577 καὶ
3170 3504 3293 3576 τὸν

673 3614 798 3696 μὲν
865 3604 1095 3677 πάντα
1151 3605 1381 3695 εἱρμὸν
1440 3600 2009 3693 ἀποκρύπτοντα,
2080 3608 2435 3697 ῥηματίων
2492 3613 2565 3677 δὲ
2624 3601 3293 3696 ἀντιλαμβανόμενον

675 3713 787 3778 καὶ
830 3704 1103 3778 τούτων
1145 3703 1538 3792 κακούργως
1579 3703 1994 3793 ποιούμενον
2034 3706 2166 3797 τὴν
2194 3704 2533 3796 διαβολήν.
2606 3704 2849 3778 αύτίκα
2891 3710 3056 3795 γοῦν
3098 3726 3291 3775 συκο-
3324 3720 3397 3775 64

679 3823 927 3894 φαντεῖ
966 3804 1091 3877 τὸν
1135 3801 1455 3889 Εὖσέβιον
1497 3808 1572 3875 ἐκ
1625 3811 1754 3877 τοῦ
1803 3812 2231 3893 προφανοῦς,
2294 3804 2391 3889 ῶς
2448 3804 2661 3895 ψιλὸν
2720 3806 3107 3895 ἄνθρωπον
3167 3802 3291 3875 τὸν

680 3905 980 3995 Χριστόν
1051 3902 1399 3994 εἰρηκότα,
1470 3906 1698 3995 ἐπειδὴ
1763 3910 1886 3995 τῆς
1947 3902 2409 3996 ἇποστολικῆς
2470 3913 2710 3995 φωνῆς
2769 3911 2845 3977 ἐν
2904 3912 2991 3993 τῇ
3056 3906 3295 3975 ἑαυτοῦ

849 4074 1260 4139 81Τίιῃ.2,5
1316 4104 1376 4115 -
1437 4075 1464 4130 7
1525 4074 1879 4142 Phil.2,6.7
1934 4108 2001 4116 —
2056 4077 2178 4134 121
2224 4077 2367 4132 Phil.
2400 4080 2509 4145 2‚7
2563 4106 2630 4117 -
2682 4077 2803 4133 881
2847 4075 2960 4147 vgl.
2996 4074 3089 4129 Nr.
3124 4074 3194 4129 90
3240 4088 3293 4125 u.

679 4178 729 4232 S.
757 4178 840 4244 27,
885 4180 967 4233 31.
1019 4178 1103 4245 29,
1125 4180 1194 4233 32

852 4328 1043 4385 5—14
1077 4329 1180 4385 καὶ
1212 4358 1279 4367 -
1315 4326 1699 4401 βλασφημίαν]
1751 4328 1937 4385 bisher
1988 4330 2071 4384 als
2104 4328 2357 4385 Polemik
2408 4330 2505 4385 des
2546 4328 2815 4386 Eusebius
2856 4344 3035 4399 gagen
3070 4322 3298 4380 mareon

681 4432 900 4502 gemat,
937 4431 1080 4487 auch
1114 4447 1226 4488 von
1261 4431 1371 4495 Re3
1409 4430 1558 4483 daun
1591 4432 1798 4485 mfisste
1832 4430 1966 4485 aber
1998 4431 2058 4485 in
2094 4432 2145 4485 Z.
2175 4434 2257 4487 11.
2294 4434 2360 4487 13
2394 4430 2499 4485 mit
2538 4442 2622 4485 mr
2664 4428 2873 4486 τούτου
2906 4447 2957 4484 u.
2994 4425 3172 4485 αὐτοῦ
3212 4440 3297 4497 ge-

678 4533 832 4589 losen
865 4533 1125 4601 werden!
1175 4536 1204 4590 ‘2
1246 4530 1512 4598 κάκεῖνος
1549 4530 1616 4597 V,
1653 4548 1790 4587 corr.
1826 4534 1923 4587 Mo
1969 4534 1979 4603 1
2027 4534 2099 4589 17
2150 4539 2319 4589 τοῦτο
2354 4531 2461 4602 μὲν
2498 4532 2593 4601 V*,
2630 4551 2701 4582 ω
2742 4532 2813 4586 V¹
2859 4532 2868 4599 Ι
2918 4530 2995 4588 18
3046 4526 3201 4600 λέγει
3234 4528 3299 4592 V,

681 4652 815 4691 corr.
855 4654 910 4689 m
946 4636 952 4703 Ι
994 4636 1224 4693 17-19
1263 4628 1334 4693 ου’
1372 4664 1438 4675 ——
1475 4632 1694 4707 ῥήσεων
1729 4634 1812 4688 als
1849 4632 2135 4690 Eusebius’
2171 4634 2365 4689 Worte
2400 4652 2455 4687 m
2492 4652 2531 4704 g
