3694 5582
1156 478 1225 532 de
1258 477 1631 534 ecclesiastica.
1661 477 1949 549 theologia.
1982 479 2007 533 I
2043 478 2261 532 13—16.
2939 483 3015 542 75

532 642 785 712 »οἷδενι
823 647 1030 730 φησὶν
1065 638 1228 712 »τὸν
1261 647 1542 728 πατέρα,
1573 645 1632 710 εί
1657 640 1748 730 μὴ
1779 635 1816 711 6
1846 636 2052 724 υἱόςι,
2085 647 2441 711 τουτέστιν
2470 634 2508 710 6
2540 637 2755 728 λόγος·
2788 633 2859 726 <ὄ
2890 635 3015 729 γὰρ

528 735 761 829 λόγος)
807 736 898 811 δι’
945 736 1159 813 αὐτοῦ
1201 739 1334 829 τὴν
1375 747 1502 811 τοῦ
1543 739 1808 830 πατρὸς
1850 746 2125 830 παρέχει
2155 747 2428 828 γνῶσιν.
2498 731 2685 810 οὕτω
2736 737 2861 827 γὰρ
2904 747 3016 810 καὶ

523 839 696 929 πρὸς
739 841 904 922 τούς
957 845 1308 930 οἰομένους
1363 845 1740 929 τηνικαῦτα
1799 847 1949 911 τῶν
1990 836 2332 912 Ἰουδαίων
2370 843 2613 910 εἰδέναι
2657 837 2788 910 τὸν
2828 835 3016 921 θεόν,

525 936 955 1022 ἇθετοῦντας
998 937 1064 1009 δ’
1111 937 1322 1012 αὐτοῦ
1366 938 1492 1012 τὸν
1535 936 1765 1029 λόγον,
1811 936 1901 1011 δι’
1950 969 2031 1011 ου
2060 935 2276 1029 μόνου
2304 938 2706 1026 γινώσκεται
2751 932 2797 1060 6t
2834 933 3016 1020 θεός,

327 1054 362 1108 5
524 1043 752 1129 ἔλεγεν
809 1036 1063 1123 »οὐδεὶς
1116 1039 1542 1130 ἐπιγινώσκει
1586 1037 1716 1109 τὸν
1767 1045 2031 1126 πατέρα
2084 1044 2143 1111 εἰ
2185 1038 2275 1129 μὴ
2321 1033 2360 1110 6
2402 1035 2547 1120 υἱὸς
2588 1045 2699 1108 καὶ
2744 1029 2802 1128 ᾦ
2850 1033 2935 1108 ἂν
2978 1032 3015 1108 6

523 1138 667 1224 υἱὸς
708 1137 1181 1230 άποκαλύψῃι.
1269 1139 1496 1228 ἐπειδὴ
1559 1139 1684 1228 γὰρ
1738 1135 2081 1210 ἀδύνατον
2134 1130 2220 1226 ἦν
2264 1137 2510 1226 ετέρως
2570 1143 2829 1226 γνῶναι
2890 1135 3016 1208 τὸν

522 1236 711 1325 θεόν,
758 1238 867 1311 διὰ
911 1247 1038 1311 τοῦ
1081 1245 1256 1311 ἰδίου
1299 1236 1512 1328 λόγου
1538 1243 1782 1310 εἰδέναι
1811 1233 2029 1309 αυτὸν
2059 1237 2219 1320 τοὺς
2261 1233 2675 1326 ἀνθρώπους
2705 1233 3013 1320 διδάσκει,

523 1336 703 1411 ωστε
743 1336 1006 1428 ἐσφάλη
1047 1345 1170 1431 μὲν
1213 1335 1521 1421 κάκεῖνος
1564 1339 1654 1429 μὴ
1700 1336 1829 1410 τὸν
1872 1345 2135 1427 πατέρα
2178 1344 2287 1408 καὶ
2331 1336 2459 1408 τὸν
2505 1335 2761 1409 τούτου
2803 1331 3015 1424 λόγον

521 1436 815 1527 άκριβῶς
858 1436 1077 1528 γνούς.

290 1550 360 1604 10
397 1545 614 1610 ταῦτα
658 1536 1062 1628 Μάρκελλος
1105 1542 1420 1628 ἔγραφεν,
1467 1544 1590 1628 τῆς
1635 1545 1759 1610 τοῦ
1803 1546 2239 1625 Σαβελλίζειν
2288 1532 2617 1617 ὑπονοίας
2659 1542 3014 1625 καθαίρων
3081 1551 3115 1606 2

396 1637 645 1710 ἑαυτὸν
686 1644 876 1728 μέχρι
919 1644 1160 1728 φωνῆς
1200 1644 1312 1709 καὶ
1356 1635 1588 1726 λόγου·
1660 1643 1745 1726 τῇ
1793 1665 1867 1726 γε
1908 1636 2047 1727 μὴν
2090 1637 2325 1728 γνώμῃ
2376 1645 2488 1709 καὶ
2542 1643 2627 1725 τῇ
2670 1633 2843 1726 πρὸς
2884 1632 3013 1706 τὸν

397 1736 612 1827 ἄνδρα
683 1733 1125 1827 ὁμοφροσύνῃ
1196 1735 1540 1810 ἁλίσκεται
1609 1757 1758 1820 τοῖς
1826 1733 2061 1820 αὐτοῖς
2138 1741 2379 1828 ἐκείνῳ
2462 1731 3014 1830 περικειρόμενος

393 1845 688 1928 βέλεσιν,
751 1835 847 1920 ώς
903 1841 1120 1928 ἔμοιγε
1165 1873 1204 1907 ιε·
1249 1871 1286 1906 ιε
1332 1873 1370 1906 ÷÷
1415 1872 1454 1906 x·
1498 1872 1535 1906 -κ
1617 1845 1728 1908 καὶ
1773 1833 1864 1908 δι’
1912 1833 2102 1925 εὐχῆς
2145 1833 2438 1928 ὑπῆρξεν
2482 1833 2568 1906 ἂν
2610 1832 2693 1906 τὸ
2736 1833 2827 1924 μὴ
2870 1853 3014 1916 τοῖς

396 1933 630 2020 αὐτοῖς
673 1933 887 2010 αὐτὸν
927 1954 1336 2028 περιπεσεῖν·
1413 1944 1563 2008 νυνὶ
1606 1943 1678 2009 δὲ
1720 1933 1963 2008 κάκιον
2013 1931 2057 2025 ἢ
2101 1939 2357 2020 ἐκεῖνος
2398 1941 2816 2025 πλημμελῶν
2860 1940 3011 2022 φαί-

289 2049 357 2102 15
399 2065 604 2109 νεται.
691 2032 730 2110 6
773 2042 896 2126 μὲν
939 2036 1065 2126 γὰρ
1109 2034 1282 2125 τάχα
1333 2065 1473 2108 που
1525 2035 1997 2126 σφαλλόμενος
2047 2031 2299 2125 ἠγνόει·
2352 2041 2364 2125 Ι
2421 2031 2459 2107 6
2520 2031 2585 2106 δ’
2648 2029 3011 2124 ὁμολογῶν
3049 2055 3120 2112 77

393 2134 733 2224 ἐσφάλθαι
776 2134 904 2208 τὸν
965 2134 1207 2226 ἄνδρα,
1267 2133 1560 2208 κᾶπειτα
1604 2131 1819 2208 αὑτὸν
1864 2132 2085 2207 ώθῶν
2144 2141 2256 2207 ἐπὶ
2316 2135 2444 2208 τὸν
2502 2139 2827 2223 προφανῆ
2889 2139 3010 2221 τῆς

395 2232 604 2360 αὐτῆς
665 2242 1042 2322 δυσσεβείας
1102 2233 1435 2326 κρημνόν,
1508 2231 1820 2326 οὐδεμιᾶς
1879 2229 2129 2325 γένοιτ’
2192 2231 2278 2308 ἂν
2340 2235 2735 2324 συγγνώμης
2808 2231 3009 2320 ἄξιος.

393 2333 569 2472 ἀλλὰ
611 2335 739 2426 γὰρ
784 2335 1308 2426 διασκεψώμεθα
1351 2334 1440 2407 τὰ
1483 2341 1859 2426 λελεγμένα.

489 2441 640 2510 16
683 2443 972 2524 πρῶτον
1015 2441 1139 2524 μὲν
1191 2427 1317 2505 οὖν
1379 2427 1557 2524 <οτι>
1615 2433 1786 2525 μήτε
1839 2434 1965 2508 τὸν
2009 2439 2391 2520 Σαβέλλιον
2440 2429 2611 2523 μήτε
2654 2427 3011 2512 Ἰουδαίους
3048 2447 3205 2520 ὅπως
3261 2449 3377 2510 ἁλί.

285 2545 358 2600 20
395 2539 759 2626 ἐγνωκέναι
818 2532 948 2607 τὸν
989 2532 1160 2606 θεὸν
1207 2537 1337 2624 ἔφη
1407 2541 1510 2625 τῷ
1562 2534 1652 2624 μὴ
1709 2534 1837 2608 τὸν
1882 2531 2096 2625 λόγον
2138 2538 2511 2623 ἐγνωκέναι
2552 2529 2825 2616 αυτούς,
2870 2535 3009 2600 σκέ-
3042 2519 3381 2646 ‘3⁸vassss

393 2647 657 2722 ψασθαι
695 2636 822 2726 χρὴ
868 2629 1116 2708 ὁποῖον
1143 2631 1557 2707 υποτίθεται
1601 2631 1831 2725 λόγον·
1878 2640 1936 2705 εἰ
1975 2641 2099 2724 μὲν
2141 2633 2267 2722 γὰρ
2314 2631 2441 2704 τὸν
2482 2628 2632 2703 υἱὸν
2676 2637 2802 2702 τοῦ
2845 2635 3011 2700 θεοῦ
3045 2664 3255 2727 φωνῶν
3304 2655 3375 2714 τὰ

391 2735 521 2809 τὸν
571 2741 940 2826 μονογενῆ,
999 2734 1128 2808 τὸν
1187 2730 1557 2823 υφεστῶτα
1616 2741 1730 2806 καὶ
1791 2740 2049 2821 ζῶντα,
2104 2729 2253 2806 ἀλλ’
2308 2727 2457 2805 οὐδ’
2504 2727 2710 2816 αὐτὸς
2753 2737 3009 2805 τοῦτον
3079 2721 3319 2849 αὖῑᾶλλι,
3260 2743 3341 2781 “⁰

393 2840 588 2925 ἔγνω.
674 2832 917 2908 αὖτίκα
970 2832 1034 2907 δ
1091 2864 1218 2907 ουν
1261 2840 1388 2907 τοῦ
1431 2841 1743 2924 σωτῆρος
1785 2831 1983 2925 ἡμῶν
2026 2832 2375 2921 διαφόρως
2416 2828 3009 2922 μνημονεύσαντος
3061 2779 3354 2929 {⁰03⁸}ng

392 2942 521 3008 τοῦ
560 2936 710 3007 υἱοῦ
751 2943 864 3007 καὶ
915 2931 1252 3018 πολλάκις
1300 2940 1644 3025 μονογενῆ
1703 2932 1855 3007 υἱὸν
1915 2929 2321 3016 ἀνειπόντος
2380 2938 2493 3003 καὶ
2550 2929 3009 3021 μηδεπώποτε

283 3050 355 3105 25
393 3034 604 3125 λόγον
648 3034 895 3107 ἑαυτὸν
951 3032 1534 3120 άποκαλέσαντος,
1595 3033 1705 3106 διὰ
1755 3030 2044 3106 πάντων
2088 3038 2161 3103 δὲ
2204 3038 2353 3103 τῶν
2394 3027 2807 3120 εὐαγγελίων
2856 3026 3008 3100 υἱὸν

392 3142 563 3207 θεοῦ
624 3134 796 3206 εἶναι
850 3131 1250 3222 διδάξαντος
1311 3130 1442 3222 (ἐφ’
1505 3125 1564 3225 ᾧ
1623 3142 1738 3207 καὶ
1797 3141 2143 3224 μακαρίζει
2202 3130 2333 3204 τὸν
2374 3137 2641 3219 Πέτρον
2696 3125 3009 3219 εἰρηκότα

399 3236 515 3306 »06
577 3235 637 3305 εἰ
693 3229 734 3307 6
779 3232 1072 3323 Χριστὸς
1125 3228 1164 3304 6
1207 3234 1352 3317 υἱὸς
1396 3240 1525 3307 τοῦ
1583 3239 1752 3305 θεοῦ
1811 3240 1941 3307 τοῦ
2001 3239 2334 3319 ζῶντοςι,
2394 3238 2508 3302 καὶ
2566 3227 2699 3318 τὴν
2757 3234 3011 3316 γνῶσιν

391 3332 584 3425 αὐτῷ
661 3330 822 3424 <δι’>
892 3330 1390 3421 ἀποκαλύψεως
1452 3340 1579 3405 τοῦ
1645 3332 1909 3421 πατρὸς
1977 3338 2327 3421 γεγονέναι
2396 3344 2721 3419 μαρτυρεῖ
2786 3324 3009 3417 φήσας

397 3432 778 3558 »μακάριηος
802 3433 880 3519 εἰ,
924 3440 1165 3522 Σίμων
1206 3434 1333 3521 βάρ
1372 3429 1592 3515 Ἰωνᾶ,
1657 3462 1768 3505 οτι
1828 3432 1995 3521 σὰρξ
2044 3438 2156 3504 καὶ
2201 3430 2359 3520 αἷμα
2404 3457 2527 3501 ουκ
2570 3422 3009 3511 ἀπεκάλυψέν

283 3547 356 3603 30
391 3556 499 3606 σοι
543 3530 691 3607 ἀλλ’
739 3528 778 3605 6
821 3531 1050 3653 πατήρ
1092 3560 1224 3623 μου
1265 3528 1304 3604 6
1350 3530 1759 3623 οὖράνιοςι),
1821 3526 1861 3603 6
1923 3528 2315 3619 θαυμαστὸς
2376 3522 2580 3610 οὗτος
2634 3522 2862 3616 ωσπερ
2907 3535 3008 3611 βε-

391 3639 712 3724 βυσμένος
756 3632 842 3705 τὰ
887 3662 1036 3704 ωτα
1080 3636 1298 3705 ταῦτα
1341 3633 1520 3705 κατὰ
1563 3639 1746 3721 λέξιν
1791 3629 2033 3722 γράφει

515 3736 654 3822 (Nr.
697 3740 802 3821 34)
845 3740 958 3803 καὶ
1001 3732 1112 3803 διὰ
1154 3738 1364 3803 τοῦτο
1412 3728 1533 3821 οὐχ
1573 3731 1728 3805 υἱὸν
1771 3737 1941 3803 θεοῦ
1984 3728 2229 3802 ἑαυτὸν
2260 3723 2593 3819 ὀνομάζει,
2639 3724 2811 3800 ἀλλὰ
2839 3754 3008 3797 παν-

516 3838 726 3921 ταχοῦ
767 3830 920 3904 υίὸν
963 3829 1344 3922 ἀνθρώπου
1386 3829 1634 3904 ἑαυτὸν
1680 3838 1875 3921 λέγει,
1921 3835 2031 3902 ἵνα
2084 3828 2193 3900 διὰ
2224 3834 2362 3951 τῆς
2406 3824 2723 3917 τοιαύτης
2766 3820 3009 3915 ὁμολο-

517 3940 664 4020 γίας
705 3937 895 4004 θέσει
946 3930 1072 4004 τὸν
1128 3930 1513 4020 ἄνθρωπον
1573 3930 1686 4003 διὰ
1741 3938 1867 4022 τῆς
1926 3928 2097 4020 πρὸς
2159 3924 2373 4000 αὐτὸν
2432 3934 2800 4008 κοινωνίας
2858 3923 3009 3996 υἱὸν

282 4035 353 4090 35
515 4036 688 4104 θεοῦ
729 4039 1044 4122 γενέσθαι
1086 4028 1578 4121 παρασκευάσῃ.

563 4253 599 4309 5
635 4252 832 4307 Matth.
871 4255 952 4322 11,
970 4252 1036 4307 27
1074 4282 1141 4292 -
1180 4252 1301 4308 191
1329 4252 1442 4322 vgl.
1477 4252 1572 4307 Nr.
1607 4255 1675 4310 38
1709 4284 1774 4293 —
1813 4252 1887 4309 27
1930 4251 2129 4307 Matth.
2167 4251 2247 4315 16,
2285 4249 2351 4304 16
2386 4277 2453 4288 -
2490 4247 2567 4304 29
2606 4246 2805 4301 Matth.
2834 4246 2918 4312 16,
2942 4248 3005 4299 17

564 4453 644 4509 11
691 4452 724 4511 ὁ
758 4453 872 4527 γὰρ
905 4452 1079 4524 λόγος
1121 4452 1248 4509 and.
1285 4454 1364 4509 St.
1425 4454 1436 4521 1
1502 4454 1538 4509 2
1595 4449 1771 4509 αὐτοῦ
1807 4454 1858 4508 V
1894 4448 2097 4509 ἑαυτοῦ
2130 4450 2257 4507 and.
2293 4452 2369 4507 St.
2434 4454 2445 4519 1
2508 4451 2547 4508 9
2600 4446 2847 4521 ἀκριβῶς
2882 4454 2947 4505 <
2981 4464 3010 4499 r

395 4555 532 4624 118
582 4572 888 4605 *mmmm*
959 4554 1032 4608 Kl
1093 4555 1240 4623 116
1291 4552 1468 4611 αὐτὸν
1517 4555 1568 4609 V
1629 4556 1640 4623 Ι
1706 4556 1783 4611 19
1838 4548 1929 4610 ὅτι
1980 4555 2077 4619 K1;
2128 4554 2223 4609 Mo
2258 4554 2415 4624 fflgte
2450 4555 2588 4607 skatt
2630 4550 2823 4605 dassen
2865 4547 3007 4601 nach

393 4654 722 4728 σκέψασθαι
759 4655 813 4710 z.
849 4656 918 4711 20
951 4653 1010 4711 δὲ
1044 4656 1136 4711 ein
1198 4656 1208 4725 ι
1271 4656 1351 4713 20
1401 4662 1483 4730 τῷ
1518 4674 1574 4709 m
1616 4656 1684 4712 τὸ
1720 4656 1771 4710 v
1834 4658 1843 4725 ι
1910 4655 1989 4712 28
2040 4648 2111 4710 δι’
2144 4655 2217 4710 m
