3694 5582
1201 483 1394 536 contra.
1431 481 1754 536 MaroeIIum
1789 482 1840 534 II
1878 481 1927 534 2.
1963 481 2010 535 3.
2828 491 2908 550 43

345 673 350 680 ·
427 651 566 732 γίας
608 649 794 714 θέσει
838 643 966 716 τὸν
1018 641 1402 734 ἄνθρωπον
1466 645 1574 716 διὰ
1635 645 1765 735 τὴν
1825 644 1997 732 πρὸς
2058 641 2273 715 αὐτὸν
2333 649 2701 715 κοινωνίαν
2760 645 2910 717 υἱὸν

429 749 592 815 θεοῦ
633 749 948 832 γενέσθαι
990 741 1460 834 παρασκευάσῃ
1504 753 1614 815 καὶ
1644 745 1813 834 μετὰ
1844 742 1926 816 τὸ
1968 750 2167 828 τέλος
2198 750 2321 834 τῆς
2349 741 2660 832 πράξεως
2691 737 2909 828 αὖθις,

429 839 520 924 αἶς
562 839 782 930 λόγος,
828 845 1064 933 ἓνωθῇ
1109 851 1214 934 τῷ
1258 851 1424 934 θεῷ,
1469 852 1756 934 πληρῶν
1799 849 2015 916 ἐκεῖνο
2060 841 2141 914 τὸ
2186 841 2319 916 ὑπὸ
2366 851 2493 916 τοῦ
2521 839 2913 916 ἀποστόλου

426 949 940 1032 προειρημένον·
988 940 1186 1016 »τότε
1216 941 1424 1027 αὐτὸς
1453 940 1956 1034 ὑποταγήσεται
2001 953 2103 1035 τῷ
2150 941 2573 1030 ὑποτάξαντι
2603 939 2793 1032 αύτῷ
2825 942 2910 1013 τὰ

259 1059 287 1110 5
423 1039 668 1126 πάντα,
713 1045 825 1114 ἵνα
868 1037 908 1131 ᾗ
953 1040 1184 1114 πάντα
1212 1051 1324 1115 καὶ
1355 1048 1429 1115 ἐν
1458 1051 1665 1116 πᾶσιν
1709 1040 1812 1132 (6)
1843 1043 2066 1126 θεόςι.
2137 1046 2324 1114 ἔσται
2365 1045 2491 1132 γὰρ
2538 1049 2912 1133 τηνικαῦτα

426 1137 615 1212 τοῦθ’
662 1135 829 1230 ὅπερ
871 1139 1212 1232 πρότερον
1259 1137 1360 1233 ἦν.

314 1238 410 1311 διὰ
451 1239 807 1312 τοσούτων
851 1240 1254 1330 Μάρκελλος
1297 1252 1510 1334 γυμνῇ
1557 1251 1641 1332 τῇ
1685 1251 1949 1332 κεφαλῇ
1994 1242 2121 1315 τὸν
2172 1241 2325 1314 υιόν
2370 1249 2493 1314 τοῦ
2538 1249 2707 1314 θεοῦ
2749 1247 2907 1328 ἐξω-

310 1338 570 1426 μόσατο.
641 1345 701 1412 εἰ
728 1340 855 1430 γὰρ
885 1344 961 1413 ἓν
987 1351 1099 1413 καὶ
1131 1341 1385 1416 ταῦτὸν
1413 1335 1498 1434 ἦν
1542 1339 1580 1415 6
1625 1341 1790 1426 θεὸς
1831 1350 1942 1413 καὶ
1986 1338 2026 1465 ζὁ
2072 1347 2147 1414 ἐν
2192 1340 2380 1432 αύτῷ
2428 1341 2647 1432 λόγος,
2693 1339 2910 1424 οὐδεὶς
2942 1358 3011 1412 42

311 1445 374 1510 δὲ
413 1441 696 1559 aequore
739 1438 948 1524 αὐτὸς
994 1443 1238 1515 ἑαυτοῦ
1281 1439 1528 1532 γένοιτ’
1561 1471 1646 1512 αν
1673 1441 1901 1532 πατὴρ
1946 1440 2043 1525 οὖς
2084 1438 2225 1513 οὐδ’
2258 1439 2466 1526 αύτὸς
2497 1444 2740 1512 ἑαυτοῦ
2767 1439 2911 1522 υἱὸς

224 1549 282 1604 10
311 1539 452 1628 <εῖς>
495 1533 602 1610 ὢν
642 1547 755 1612 καὶ
797 1537 1026 1630 μόνος,
1081 1540 1177 1624 εἷς
1221 1547 1291 1614 δὲ
1333 1541 1544 1632 μόνος
1585 1534 1674 1632 ἦν
1716 1550 1827 1614 καὶ
1868 1539 1907 1613 6
1954 1539 2159 1624 αὐτὸς
2203 1549 2305 1631 τῷ
2353 1542 2597 1612 ἑαυτοῦ
2642 1537 2824 1632 λόγῳ
2872 1535 2910 1612 6

307 1637 486 1722 θεός,
547 1644 762 1729 δῆλον
816 1671 912 1724 ως
957 1638 1040 1713 ού
1081 1641 1310 1730 πατὴρ
1355 1645 1440 1731 ἠν
1482 1642 1571 1732 μὴ
1617 1639 2048 1731 ὑπάρχοντος
2092 1638 2280 1730 αύτῷ
2326 1646 2505 1726 υἱοῦ,
2569 1637 2725 1712 οὐδὲ
2768 1639 2911 1722 υἱὸς

308 1739 386 1828 μὴ
427 1736 828 1826 υφεστῶτος
871 1738 1058 1830 αὐτῷ
1101 1740 1379 1830 πατρός.

459 1835 666 1910 ὁποῖα
705 1847 830 1928 μὲν
873 1833 998 1912 οὖν
1039 1849 1194 1931 περὶ
1239 1848 1366 1913 τοῦ
1408 1839 1579 1931 μήτε
1623 1844 1792 1912 εἶναι
1836 1839 2005 1930 μήτε
2056 1839 2563 1930 προϋφεστάναι
2616 1838 2743 1911 τὸν
2786 1846 2913 1912 τοῦ
2944 1847 3011 1900 43

306 1945 464 2008 θεοῦ
503 1934 684 2024 υἱόν,
749 1939 957 2027 ψιλὸν
1017 1946 1090 2012 δὲ
1151 1938 1360 2028 λόγον
1423 1945 1620 2012 ἔνδον
1676 1938 2003 2029 ὑπάρχειν
2056 1945 2131 2011 ἐν
2177 1937 2362 2030 αύτῷ
2410 1948 2513 2030 τῷ
2558 1946 2731 2030 θεῷ,
2801 1948 2911 2010 καὶ

219 2048 274 2102 15
305 2045 548 2110 τοῦτον
593 2045 766 2110 ποτὲ
807 2044 931 2129 μὲν
973 2037 1322 2130 ἡσυχάζειν
1363 2046 1536 2112 ποτὲ
1581 2046 1652 2112 δὲ
1696 2045 1988 2129 ἐνεργεῖν
2042 2045 2365 2130 δραστικῇ
2409 2037 2700 2128 δυνάμει,
2747 2044 2911 2124 διεξ-

303 2143 506 2226 ῆλθεν
553 2134 594 2210 6
638 2135 836 2229 ἀνήρ,
885 2144 1185 2230 ἔγνωμεν
1227 2139 1334 2211 διὰ
1379 2147 1530 2212 τῶν
1568 2148 2056 2230 προκειμένων.
2144 2144 2363 2211 ταῦτα
2407 2144 2479 2209 δὲ
2526 2136 2699 2210 αὐτὰ
2744 2149 2911 2209 πολ·

301 2237 482 2321 λάκις
522 2248 640 2310 καὶ
693 2235 1037 2328 διαφόρως
1099 2247 1186 2328 τῇ
1247 2241 1494 2311 ἑαυτοῦ
1551 2247 2027 2330 παραθέμενος
2088 2246 2341 2327 γραφῇ,
2404 2237 2627 2310 πολὺν
2686 2236 2913 2326 σωρὸν

303 2345 646 2426 περιττῶν
691 2337 1015 2428 ῥημάτων
1057 2337 1520 2429 συνεφόρησεν
1565 2345 1666 2428 τῷ
1697 2337 2175 2428 συγγράμματι.
2250 2335 2400 2411 ἀλλ’
2448 2334 2631 2427 ἡμεῖς
2659 2364 2731 2424 γε
2762 2357 2910 2420 τοῖς

303 2433 504 2509 αὐτοῦ
547 2435 709 2509 καθ’
757 2439 1002 2510 ἑαυτοῦ
1053 2444 1347 2528 ἐλέγχοις
1407 2444 1478 2524 ἐξ
1542 2430 1644 2509 ὦν
1703 2445 2049 2526 παρέθετο
2113 2447 2381 2527 φωνῶν
2445 2433 2907 2526 ἀρκεσθέντες,

212 2543 271 2596 20
303 2533 434 2608 οὐδ’
495 2535 960 2627 ἀντιρρήσεως
1018 2535 1396 2627 ἀξιώσομεν
1455 2540 1586 2630 τὴν
1647 2546 1772 2610 τοῦ
1831 2535 2199 2610 Ἰουδαϊκοῦ
2261 2535 2516 2610 τούτου
2574 2534 2910 2626 δόγματος

301 2631 610 2709 ἀτοπίαν.
695 2643 1022 2710 ἐντεῦθεν
1063 2635 1122 2708 δ’
1167 2643 1277 2709 ἐπὶ
1322 2638 1407 2711 τὰ
1453 2643 1766 2729 εἰρημένα
1827 2647 1932 2726 τῷ
1996 2635 2187 2728 αύτῷ
2246 2646 2399 2728 περὶ
2460 2643 2583 2726 τῆς
2644 2632 2907 2726 σαρκός,
2943 2649 3011 2700 44

299 2731 380 2824 ἣν
415 2741 712 2829 ἐνεργείᾳ
754 2736 930 2828 μόνῃ
976 2745 1184 2827 φησὶν
1227 2737 1662 2830 ἀνειληφέναι
1716 2740 1843 2812 τὸν
1896 2744 1970 2811 ἐν
2029 2745 2131 2829 τῷ
2200 2744 2346 2828 θεῷ
2412 2735 2649 2827 λόγον,
2714 2765 2909 2827 μετα-

297 2834 532 2921 βάντες
577 2833 724 2926 φέρ’
757 2842 1009 2927 ἴδωμεν
1039 2833 1232 2922 ὅπως
1276 2840 1407 2929 τὴν
1448 2843 1523 2910 ἐν
1565 2858 1715 2923 ταῖς
1759 2848 1978 2923 θείαις
2022 2858 2311 2928 γραφαῖς
2342 2845 2492 2927 περὶ
2538 2844 2664 2908 τοῦ
2706 2864 2909 2925 μονο-

299 2944 526 3023 γενοῦς
569 2940 723 3009 υἱοῦ
764 2944 892 3009 τοῦ
933 2946 1105 3011 θεοῦ
1149 2946 1535 3029 φερομένην
1581 2946 1951 3027 θεολογίαν
1981 2944 2091 3010 ἐπὶ
2121 2939 2251 3028 τὴν
2282 2936 2495 3026 σάρκα
2533 2942 2907 3025 μεταφέρει,

206 3038 264 3092 25
297 3033 502 3109 αὐτὸν
546 3042 674 3127 μὲν
714 3037 842 3109 τὸν
885 3034 1168 3127 άληθῶς
1209 3032 1522 3127 προόντα
1566 3046 1694 3109 τοῦ
1737 3046 1908 3111 θεοῦ
1948 3038 2103 3111 υἱὸν
2146 3034 2584 3127 ἀρνούμενος,
2648 3034 2777 3125 τὴν
2837 3041 2909 3106 δὲ

297 3132 503 3224 σάρκα
548 3144 937 3227 θεολογῶν,
1002 3138 1091 3229 ἣν
1147 3138 1388 3228 μικρὸν
1447 3131 1736 3227 ὕστερον
1796 3140 2047 3228 ἔρημον
2110 3142 2375 3209 ἔσεσθαι
2438 3144 2563 3208 τοῦ
2616 3134 2827 3224 λόγου
2870 3130 2908 3205 6

295 3232 664 3325 ἀνευλαβὴς
710 3234 1020 3361 deffectu·

389 3416 419 3443 ,ι
493 3342 536 3409 3
581 3340 722 3423 (Nr.
753 3344 856 3423 36)
899 3333 966 3407 ‘O
1007 3342 1130 3427 μὲν
1173 3338 1299 3427 γὰρ
1342 3334 1547 3427 λόγος
1595 3342 1707 3409 »ἐν
1751 3332 1917 3425 ἀρχῇ
1960 3328 2119 3425 ἦν(
2172 3341 2377 3426 μηδὲν
2398 3326 2747 3453 ἩὲτερονἉ
2702 3362 2806 3405 ων
2865 3362 2906 3421 η
3038 3357 3197 3427 ὅπως

414 3432 638 3524 λόγος.
723 3432 764 3508 6
808 3442 880 3506 δὲ
925 3444 1026 3528 τῷ
1074 3434 1260 3527 λόγῳ
1324 3438 1610 3519 ἓνωθεὶς
1663 3446 1672 3520 Ι
1729 3434 2135 3524 ἄνθρωπος,
2199 3464 2324 3507 ουκ
2386 3427 2489 3505 ὢν
2550 3430 2909 3521 πρότερον,
2945 3446 3019 3502 43
3051 3443 3281 3519 ἐφρόνει

201 3532 262 3587 30
411 3541 700 3623 γέγονεν
729 3534 1128 3625 ἄνθρωπος,
1175 3568 1271 3618 ως
1301 3534 1592 3607 διδάσκει
1625 3532 1794 3624 ἡμᾶς
1821 3531 2132 3625 Ἰωάννης
2177 3541 2400 3624 λέγων
2447 3539 2594 3604 »καὶ
2638 3528 2675 3603 6
2708 3530 2911 3620 λόγος
2942 3528 3282 3603 Μάρκελλος

225 3636 234 3643 ’
282 3628 291 3636 ’
409 3634 582 3724 σὰρξ
613 3639 938 3723 ἐγένετοι.
1004 3636 1112 3707 διὰ
1145 3642 1354 3707 τοῦτο
1401 3644 1638 3707 τοίνυν
1684 3641 1808 3706 τοῦ
1852 3631 2063 3722 λόγου
2102 3632 2557 3723 μνημονεύων
2598 3638 2911 3720 φαίνεται
2946 3601 3283 3738 σῖἑξέςτῆῆ,

407 3730 656 3818 μόνου·
719 3738 856 3805 εἴτε
899 3737 1026 3823 γὰρ
1069 3733 1278 3824 Ἰησοῦ
1323 3740 1454 3807 εἴτε
1503 3740 1799 3823 Χριστοῦ
1843 3729 2183 3823 ὀνόματος
2224 3731 2624 3823 μνημονεύει
2666 3728 2706 3821 6
2752 3740 2909 3803 θεία
2962 3732 3263 3818 ἅνεζληφεν

409 3830 671 3922 7οαΨῆ
738 3863 867 3907 2'02’
924 3834 1093 3921 μετὰ
1155 3834 1326 3923 [τὸν]
1392 3840 1516 3925 τῆς
1575 3832 2021 3923 ἀνθρωπίνης
2066 3828 2238 3905 ὄντα
2284 3832 2531 3921 σαρκὸς
2572 3838 2699 3904 τοῦ
2742 3837 2911 3903 θεοῦ
2946 3799 3045 3858 <52
3014 3797 3203 3873 λογος·

452 4004 491 4059 4
541 4008 564 4059 I
609 4003 738 4061 Kor.
776 4008 857 4068 15,
893 4006 962 4061 28
1012 4036 1079 4045 --
1133 4006 1232 4061 811·
1279 4004 1390 4075 vgl.
1435 4005 1524 4058 Nr.
1580 4007 1664 4061 55.
1717 4006 1784 4059 62
1837 4035 1904 4043 -
1960 4004 2099 4059 1811·
2146 4005 2255 4073 vgl.
2311 4004 2401 4057 Nr.
2456 4006 2539 4057 43.
2594 4004 2799 4059 54—56
2855 4020 2908 4056 ιι.

288 4101 337 4155 S.
373 4105 457 4171 32,
492 4108 590 4166 8ff
630 4124 682 4160 ιι.
718 4112 766 4160 δ.
805 4137 871 4146 --
908 4107 1050 4162 2111
1079 4107 1192 4176 vgl.
1227 4106 1321 4161 Nr.
1359 4108 1478 4161 103.
1513 4107 1627 4161 104.
1666 4108 1764 4160 106
1809 4136 1876 4144 -
1914 4106 1991 4161 26
2026 4106 2135 4175 vgl.
2172 4105 2267 4159 Nr.
2306 4107 2405 4160 104
2439 4135 2506 4143 —-
2543 4103 2621 4161 28
2658 4103 2779 4159 Joh.
2810 4104 2857 4169 1,
2880 4106 2907 4157 1

287 4232 350 4241 —
385 4206 466 4261 30
501 4206 631 4262 Joh.
669 4210 719 4274 1,
757 4210 822 4261 14

457 4357 490 4411 1
543 4355 708 4413 θέσει
741 4352 866 4427 τὸν]
903 4351 1007 4412 τὸν
1043 4357 1302 4427 ‹pabo-ealle
1343 4358 1352 4425 Ι
1389 4359 1881 4425 τῆς..κοινωνίας
1914 4357 2039 4413 and.
2060 4360 2134 4414 St.
2167 4360 2176 4427 Ι
2210 4360 2245 4413 2
2269 4354 2549 4428 πράξεως]
2567 4356 2809 4425 κρίσεως
2832 4354 2911 4409 Re

289 4456 651 4526 vgl.Nr.103.
673 4460 788 4525 108,
825 4460 958 4513 aber
981 4459 1124 4513 auch
1144 4459 1234 4514 Nr.
1253 4462 1321 4515 52
1341 4460 1446 4527 (55)
1468 4478 1519 4513 u.
1543 4459 1611 4513 de
1634 4459 1764 4514 eccl.
1785 4460 1863 4513 th.
1886 4460 1952 4526 11,
1972 4462 2020 4525 8,
2041 4464 2073 4515 5
2125 4461 2134 4528 Ι
2189 4460 2225 4515 5
2263 4456 2295 4513 ὁ
2331 4450 2472 4523 θεός
2508 4457 2632 4511 and.
2654 4457 2731 4511 St.
2759 4446 2827 4525 χξ
2860 4456 2908 4507 V

291 4563 294 4572 '
359 4560 438 4614 10
476 4552 562 4624 εἷς
598 4560 672 4613 m
725 4560 734 4627 Ι
787 4557 820 4614 ὁ
857 4553 1030 4626 αὐτὸς
1063 4561 1134 4615 Kl
1171 4554 1344 4626 αὐτὸς
1363 4562 1438 4615 V2
1473 4556 1674 4625 ἑαυτὰς
1692 4561 1773 4614 V*
1825 4564 1834 4629 Ι
1892 4563 1965 4617 11
2004 4559 2132 4617 οὐδὲ
2152 4561 2256 4617 We
2288 4556 2493 4617 οὕτεν
2534 4562 2542 4627 Ι
2584 4560 2661 4613 13
2697 4554 2868 4625 μηδὲ.
2896 4596 2908 4607 .

283 4660 424 4729 μηδὲ
445 4661 510 4723 V,
550 4678 690 4716 corr.
709 4660 782 4715 Kl
812 4662 822 4730 Ι
853 4661 930 4716 8⁰
965 4657 1277 4735 ἅνθρωπος
1312 4662 1504 4717 εἰη-,ΒΘ
1525 4662 1626 4717 We
1680 4664 1688 4730 Ι
1741 4664 1818 4718 82
1855 4654 2053 4732 Ἰησοῦ]
2088 4658 2312 4719 υἱοῦΒε
2365 4663 2374 4730 Ι
2428 4662 2507 4718 88
2544 4660 2675 4718 τὸνῖ
2708 4664 2799 4715 str.
2832 4662 2911 4711 Vc
