3694 5582
1288 505 1390 559 Die
1426 506 1752 576 Fragmente
1787 506 2058 560 Max-cells.
2868 514 2981 575 197

373 670 632 739 πατρός
683 690 752 727 τε
804 672 921 729 καὶ
973 668 1124 727 υἱοῦ
1177 667 1384 741 ἔφησεν
1437 668 1640 737 εἶναι,
1696 667 1847 729 οὕτω
1899 671 1999 728 τὸν
2053 670 2177 727 υἱὸν
2230 680 2334 727 τοῦ
2384 676 2527 729 θεοῦ
2576 674 2837 745 χωρίζων
2882 681 2987 729 τοῦ

372 757 604 827 πατρός,
640 750 721 821 ὼς
755 759 853 812 καὶ
887 753 1012 812 υἱὸν
1047 755 1364 829 ἀνθρώπου
1395 758 1690 829 χωρίσειεν
1727 754 1798 812 ἄν
1833 775 1919 823 τις
1954 766 2055 813 τοῦ
2088 757 2233 814 κατὰ
2272 756 2436 827 φύσιν
2472 758 2704 826 πατρός.

535 924 627 979 Ντ.
666 927 732 979 64
768 926 868 993 (Re
904 926 990 993 58)
1037 922 1091 981 εἰ
1130 925 1320 980 τοίνυν
1365 924 1464 979 τὸν
1501 923 1728 995 πατέρα
1775 924 2096 994 χωρίζοντα
2132 918 2334 981 ἑαυτὸν
2386 933 2489 981 τοῦ
2524 922 2649 979 υἱοῦ
2701 916 2847 995 πρὸς
2880 919 2984 979 τόν

369 1005 582 1063 Μωσέα
635 1001 790 1064 ταῦτ’
847 1008 1134 1081 εἰρηκέναι
1169 1010 1362 1079 φήσει,
1418 1007 1525 1065 οὐκ
1575 1003 1724 1065 εἶναι
1758 1006 1863 1064 τὸν
1898 1006 2023 1064 υἱόν
2077 1003 2218 1065 θεόν
2272 1008 2629 1080 ὁμολογήσει.
2700 1015 2821 1073 πῶς
2872 1008 2983 1077 γὰρ

305 1096 336 1148 5
369 1088 615 1162 ἐγχωρεῖ
641 1086 746 1147 τόν
781 1091 1023 1165 λέγοντα
1063 1090 1208 1164 »ἐγώ
1243 1092 1356 1163 εἰμι
1397 1092 1429 1147 ὁ
1465 1088 1576 1148 ὢνα
1626 1095 1702 1161 μὴ
1750 1098 2163 1165 συνομολογεῖν
2218 1089 2307 1149 ὅτι
2358 1092 2505 1149 κατὰ
2557 1089 2983 1161 ἀντιδιαστολὴν

367 1184 467 1232 τοῦ
519 1179 597 1245 μὴ
653 1174 821 1243 ὄντος
873 1177 906 1233 ὁ
959 1174 1042 1233 ὢν
1089 1173 1292 1235 ἑαυτὸν
1337 1172 1485 1235 εἶναι’
1521 1195 1715 1248 φησιν;
1769 1178 1823 1236 εί
1873 1178 1931 1235 δὲ
1982 1176 2085 1233 τὸν
2128 1174 2252 1235 υἱόν
2305 1174 2613 1234 ὑποστάσει
2647 1176 2983 1249 διῃρημένον

369 1270 538 1317 τοῦτο
577 1260 794 1331 φάσκοι
828 1261 1013 1333 λέγειν
1056 1259 1124 1320 τὸ
1167 1260 1310 1333 »ἐγώ
1347 1262 1463 1331 εἰμι
1510 1259 1541 1316 ὁ
1579 1258 1720 1332 ὤνα,
1773 1259 1984 1319 ταύτὸν
2042 1256 2208 1328 αὖθις
2242 1266 2371 1333 περὶ
2407 1270 2511 1320 τοῦ
2546 1256 2765 1332 πατρὸς
2799 1261 2981 1333 λέγειν

367 1348 790 1415 νομισθήσεται.
861 1343 1137 1419 ἑκάτερον
1173 1346 1232 1403 δὲ
1267 1346 1485 1403 τούτων
1521 1344 1737 1420 ἀσεβές.

534 1497 624 1552 Nr.
663 1500 729 1553 65
767 1498 866 1564 (Re
901 1500 985 1563 59)
1021 1492 1274 1569 ἄρξομαι
1308 1498 1498 1553 τοίνυν
1535 1495 1650 1555 ἀπὸ
1687 1505 1786 1567 τῆς
1822 1495 1919 1555 ὑπ’
1954 1497 2127 1555 αὐτοῦ
2163 1498 2472 1570 γραφείσης
2508 1493 2803 1565 ἐπιπολῆς
2836 1496 2983 1567 πρὸς

272 1581 334 1633 10
367 1576 610 1636 ἕκαστον
665 1588 780 1636 τῶν
831 1584 908 1651 μὴ
965 1580 1158 1651 ὀρθῶς
1209 1582 1542 1653 γραφέντων
1598 1579 1926 1653 ἀντιλέγειν.
1997 1582 2287 1653 γέγραφεν
2340 1580 2689 1638 πιστεύειν
2725 1580 2823 1645 εἰς
2858 1600 2979 1637 πα·

365 1664 532 1734 τέρα
567 1664 739 1722 θεὸν
774 1665 1340 1737 παντοκράτορα,
1375 1670 1491 1722 καὶ
1527 1664 1624 1731 εἰς
1658 1668 1780 1724 τὸν
1813 1664 1965 1723 υἱὸν
2002 1665 2213 1723 αὐτοῦ
2248 1665 2367 1722 τὸν
2402 1670 2753 1735 μονογενῆ
2787 1666 2979 1731 θεόν,

363 1750 484 1806 τὸν
531 1750 775 1821 κύριον
829 1751 1018 1819 ἡμῶν
1051 1744 1303 1819 Ἰησοῦν
1341 1752 1668 1820 Χριστόν,
1721 1754 1836 1809 καὶ
1890 1751 1990 1818 εἰς
2042 1753 2116 1808 τὸ
2170 1759 2435 1820 πνεῦμα
2488 1752 2564 1807 τὸ
2600 1745 2824 1820 ἅγιον·
2884 1752 2982 1805 καί

365 1853 538 1903 φησιν
574 1833 650 1892 ἐκ
681 1842 816 1891 τῶν
853 1836 1064 1891 θείων
1098 1842 1382 1909 γραφῶν
1425 1836 1916 1905 μεμαθηκέναι
1960 1845 2209 1893 τοῦτον
2252 1830 2373 1893 τόν
2415 1841 2531 1904 τῆς
2566 1838 2980 1911 θεοσεβείας

363 1920 647 1982 τρόπον.
721 1917 838 1989 ἐγὼ
882 1918 944 1975 δὲ
979 1916 1119 1975 ὅταν
1163 1920 1268 1989 μὲν
1303 1928 1472 1976 τοῦτο
1510 1919 1646 1991 λέγῃ
1681 1919 2035 1991 ἀποδέχομαι
2074 1920 2293 1992 σφόδρα
2337 1918 2407 1976 τὰ
2442 1920 2752 1989 λεγόμενα,
2788 1919 2984 1988 κοινός

271 2008 330 2059 15
363 2002 476 2073 γὰρ
513 1994 681 2068 οὗτος
715 2000 986 2059 ἁπάντων
1021 2004 1184 2073 ἡμῶν
1219 2010 1319 2071 τῆς
1352 2007 1685 2078 θεοσεβείας
1720 2003 1752 2060 ὁ
1778 2005 2009 2076 τρόπος,
2047 2003 2407 2061 πιστεύειν
2442 2003 2541 2071 εἰς
2576 2006 2841 2077 πατέρα
2866 2009 2981 2062 καὶ

364 2084 516 2142 ι·ὶὸν
551 2090 668 2142 καὶ
705 2082 906 2158 ἅγιον
941 2096 1231 2157 πνεῦμα·
1270 2083 1408 2143 ὅταν
1443 2088 1504 2145 δὲ
1537 2092 1614 2158 μὴ
1649 2096 1750 2158 τῆς
1780 2092 1949 2155 θείας
1984 2087 2399 2159 ἐστοχασμένος
2432 2088 2725 2159 δυνάμεως
2758 2088 2981 2161 ἀνθρω-

367 2170 693 2241 πικώτερον
727 2172 861 2241 ἡμῖν
896 2171 985 2229 διά
1021 2191 1176 2239 τινος
1211 2171 1473 2241 ἐντέχνου
1508 2175 1760 2243 θεωρίας
1793 2173 1895 2229 τόν
1938 2193 2001 2229 τε
2054 2172 2274 2246 πατέρα
2322 2172 2543 2243 πατέρα
2576 2174 2713 2246 λέγῃ
2745 2178 2846 2230 καὶ
2878 2172 2981 2231 τόν

367 2253 495 2309 τὶὸν
530 2253 670 2324 υἱόν,
708 2253 892 2313 οὐκέτ’
927 2254 1178 2313 ἐπαινεῖν
1211 2258 1314 2324 τὴν
1349 2256 1617 2326 τοιαύτην
1650 2258 1903 2329 θεωρίαν
1940 2256 2251 2315 ἀκίνδυνον.
2321 2257 2411 2315 διὰ
2447 2258 2562 2331 γὰρ
2598 2264 2696 2327 τῆς
2717 2258 2982 2328 τοιαύτης

364 2342 618 2411 θεωρίας
651 2343 752 2409 τὴν
786 2349 886 2396 νῦν
919 2340 1112 2407 αὐτοῖς
1147 2338 1556 2409 έπινοουμένην
1592 2337 1809 2413 αἵρεσιν
1847 2340 2195 2409 αὐξάνεσθαι
2230 2344 2545 2414 συμβαίνει,
2592 2340 2737 2414 ὅπερ
2784 2350 2982 2413 σαφῶς

267 2424 330 2481 20
362 2420 637 2491 ἐπιδεῖξαι
670 2422 870 2501 ῥᾴδιον
906 2420 1068 2493 οἶμαι
1104 2423 1170 2482 έκ
1205 2432 1318 2481 τῶν
1355 2424 1530 2481 αὐτοῦ
1574 2426 1776 2496 λόγων.
1850 2421 1956 2496 ἔφη
2009 2424 2120 2497 γὰρ
2174 2422 2292 2483 τὸν
2343 2426 2467 2496 μὲν
2518 2427 2782 2499 πατέρα
2834 2431 2979 2484 δεῖν

360 2506 641 2578 ἀληθῶς
675 2509 939 2581 πατέρα
976 2505 1158 2566 εἶναι
1195 2512 1507 2578 νομίζειν
1538 2513 1654 2566 καὶ
1689 2508 1811 2565 τὸν
1845 2506 2000 2567 υἱὸν
2037 2509 2313 2580 ἀληθῶς
2346 2508 2497 2567 υἱὸν
2521 2514 2637 2567 καὶ
2671 2507 2747 2567 τό
2774 2506 2979 2582 ἅγιον

357 2602 625 2662 πνεῦμα
663 2589 998 2660 ὡσαύτως.

527 2746 618 2800 Nr.
655 2747 722 2802 66
757 2747 854 2806 (Re
890 2748 976 2814 60)
1015 2743 1294 2802 ἀδύνατον
1330 2744 1440 2818 γὰρ
1477 2753 1626 2818 τρεῖς
1664 2742 2003 2812 ὑποστάσεις
2038 2741 2212 2813 οὔσας
2247 2742 2521 2804 ἑνοῦσθαι
2556 2745 2778 2816 μονάδι,
2815 2744 2869 2804 εἰ
2899 2748 2977 2816 μὴ

353 2831 642 2902 πρότερον
691 2831 724 2899 ἦ
779 2830 938 2902 τριάς
989 2833 1091 2899 τὴν
1145 2831 1324 2902 ἀρχὴν
1368 2827 1486 2886 ἀπὸ
1531 2830 1784 2900 μονάδος
1828 2827 1964 2902 ἔχοι.
2036 2829 2224 2889 ἐκεῖνα
2261 2831 2373 2903 γὰρ
2411 2830 2979 2901 ἀνακεφαλαιοῦσθαι

257 2914 320 2968 25
355 2912 566 2986 ἔφησεν
602 2915 808 2984 μονάδι
845 2914 876 2970 ὁ
915 2911 1069 2987 ἱερὸς
1106 2917 1346 2981 Παῦλος,
1385 2911 1420 2970 ἃ
1457 2915 1628 2983 μηδὲν
1665 2922 1732 2986 τῇ
1770 2913 1990 2984 ἑνότητι
2024 2924 2104 2990 τῷ
2140 2921 2260 2990 θεῷ
2293 2915 2569 2988 διαφέρει·
2609 2911 2830 2984 ἑνότητι
2865 2916 2975 2990 γὰρ

356 2999 390 3055 ὁ
431 3001 604 3071 λόγος
637 3003 735 3056 καὶ
769 2997 836 3056 τὸ
874 3007 1096 3068 πνεῦμα
1131 3007 1211 3073 τῷ
1247 3005 1365 3072 θεῷ
1403 2999 1656 3072 διαφέρει
1691 3002 1865 3069 μόνα.

525 3151 618 3204 Nr.
656 3152 720 3205 67
759 3150 857 3207 <Re
880 3153 966 3220 60)
1003 3150 1058 3206 εί
1086 3151 1277 3206 τοίνυν
1315 3147 1346 3205 ὁ
1384 3149 1556 3219 λόγος
1592 3152 1853 3219 φαίνοιτο
1893 3147 1954 3217 ἐξ
1989 3149 2163 3206 αὐτοῦ
2194 3159 2299 3207 τοῦ
2332 3147 2555 3221 πατρὸς
2593 3147 2843 3217 ἐξελθὼν
2876 3152 2976 3205 καὶ

355 3231 504 3304 πρὸς
540 3236 690 3304 ἡμᾶς
725 3231 1034 3302 ἐληλυθώς,
1088 3231 1164 3290 τὸ
1221 3233 1289 3289 δὲ
1333 3243 1600 3303 πνεῦμα
1635 3231 1708 3290 τὸ
1749 3229 1787 3288 ἅ
1800 3254 1977 3305 γιον,
2033 3231 2113 3299 ὼς
2146 3237 2245 3290 καὶ
2276 3231 2553 3307 Ἀστέριος
2588 3230 2973 3305 ὡμολόγησεν,

358 3317 540 3389 παρὰ
580 3326 704 3374 τοῦ
739 3315 1002 3391 πατρὸς
1037 3318 1518 3389 ἐκπορεύεται,
1557 3312 1723 3384 αὖθίς
1757 3337 1820 3374 τε
1859 3317 1891 3372 ὁ
1918 3321 2105 3389 σωτήρ
2144 3335 2314 3388 φησιν
2348 3321 2480 3390 περὶ
2513 3325 2617 3374 τοῦ
2652 3317 2975 3387 πνεύματος

256 3401 322 3455 30
362 3398 448 3458 ὅτι
491 3401 624 3458 »οὐκ
660 3399 759 3472 ἀφ’
794 3399 998 3458 ἑαυτοῦ
1033 3406 1275 3473 λαλήσει,
1315 3401 1435 3459 ἀλλ’
1470 3399 1578 3458 ὅσα
1605 3401 1836 3459 ἀκούσει
1861 3405 2105 3471 λαλήσει,
2140 3407 2237 3458 καὶ
2270 3402 2340 3460 τὰ
2366 3399 2648 3476 ἐρχόμενα
2673 3399 2985 3472 ἀναγγελεῖ

360 3484 505 3555 ὑμῖν.
577 3486 793 3552 ἐκεῖνός
826 3506 900 3556 με
953 3486 1200 3554 δοξάσει,
1256 3483 1342 3543 ὅτι
1379 3485 1442 3543 ἐκ
1492 3496 1594 3543 τοῦ
1649 3487 1790 3556 ἐμοῦ
1855 3491 2095 3558 λήψεται
2147 3489 2245 3544 καὶ
2298 3485 2609 3556 ἀναγγελεῖ
2660 3483 2848 3556 ὑμῖνκ,
2908 3485 2977 3542 οὐ

363 3579 558 3640 σαφῶς
592 3575 691 3627 καὶ
729 3579 992 3643 φανερῶς
1026 3569 1274 3628 ἐνταῦθα
1313 3569 1622 3646 ἀπορρήτῳ
1660 3573 1772 3641 (δὲ)
1798 3574 1952 3646 λόγῳ
1988 3571 2020 3641 ἦ
2046 3571 2231 3640 μονὰς
2265 3573 2543 3641 φαίνεται,
2580 3570 2974 3640 πλατυνομὲνη

360 3657 466 3723 μὲν
504 3655 584 3720 εἰς
617 3655 842 3726 τριάδα,
897 3659 1237 3728 διαιρεῖσθαι
1281 3655 1340 3712 δὲ
1374 3659 1650 3726 μηδαμῶς
1684 3653 2076 3724 ὑπομένουσα;
2130 3655 2184 3712 εἰ
2212 3655 2324 3728 γὰρ
2364 3655 2395 3712 ὁ
2430 3655 2535 3725 μὲν
2570 3655 2742 3726 λόγος
2776 3652 2839 3711 ἐκ
2873 3664 2976 3710 τοῦ

361 3735 578 3812 πατρὸς
633 3738 1024 3809 ἐκπορεύεται,
1077 3734 1145 3796 τὸ
1200 3740 1258 3798 δὲ
1311 3749 1533 3809 πνεῖ-μα
1585 3743 1684 3796 καὶ
1728 3737 1865 3797 αὐτὸ
1916 3739 2285 3812 ὁμολογεῖται
2320 3741 2384 3796 ἐκ
2418 3747 2519 3796 τοῦ
2554 3735 2772 3812 πατρὸς
2808 3737 2971 3796 ἐκπο-

256 3821 322 3876 35
363 3823 645 3894 ρεύεσθαι,
684 3817 849 3889 αὖθίς
882 3844 944 3881 τε
979 3827 1110 3896 περὶ
1144 3833 1246 3880 τοῦ
1281 3825 1605 3894 πνεύματος
1639 3826 1739 3880 τὸν
1777 3835 2003 3895 σωτῆρα
2051 3824 2235 3895 λέγειν
2292 3821 2537 3890 »ἐκεῖνος
2589 3823 2654 3880 ἐκ
2696 3833 2797 3882 τοῦ
2832 3823 2975 3894 ἐμοῦ

528 4010 695 4064 3-8
740 4011 864 4073 123,
903 4010 1142 4076 14-20;
1199 4011 1248 4066 5
1282 4005 1407 4077 (ὅτι)
1453 4041 1518 4049 -
1565 4013 1612 4066 8
1647 4012 1768 4073 130,
1805 4011 2061 4075 34-131,
2097 4011 2136 4062 2
2178 4039 2245 4047 —-
2295 4012 2505 4066 9—22
2541 4011 2618 4078 18,
2654 4011 2864 4063 14-29
2905 4041 2971 4052 -—-

361 4079 627 4134 23—26
661 4079 781 4144 157,
818 4079 1032 4130 32—36
1060 4109 1125 4116 —
1163 4078 1380 4135 27—8.
1419 4081 1578 4139 198,
1614 4082 1706 4134 14
1741 4079 1867 4144 158,
1903 4079 2087 4130 2—26

531 4213 568 4267 5
615 4211 713 4267 Ex.
752 4213 800 4277 3,
839 4215 902 4267 14
956 4243 1021 4250 -
1081 4213 1108 4267 7
1167 4211 1264 4266 Ex.
1301 4215 1448 4277 3,14
1499 4245 1566 4252 —
1620 4213 1697 4268 24
1752 4212 1887 4283 Eph.
1926 4214 1973 4279 1,
2012 4213 2077 4266 10
2130 4242 2196 4250 —
2250 4212 2369 4268 ‘281’
2400 4212 2521 4267 Joh.
2561 4217 2640 4280 15,
2679 4215 2745 4268 2ss
2780 4245 2845 4252 —
2893 4215 2972 4269 80

361 4279 481 4335 Joh.
522 4283 602 4346 16,
639 4283 720 4334 13.
758 4282 824 4333 14
857 4309 924 4318 -·
961 4279 1083 4334 2381
1111 4281 1233 4336 Joh.
1277 4283 1354 4346 15,
1390 4283 1458 4336 26
1491 4311 1559 4320 -—
1597 4283 1673 4336 35
1710 4281 1833 4337 Joh.
1872 4283 1951 4348 16,
1991 4284 2055 4335 14

535 4415 564 4470 1
587 4413 618 4468 l
647 4422 749 4470 τοῦ
785 4409 1019 4483 πατρός]
1058 4410 1154 4470 καὶ
1191 4409 1449 4486 πατρόςῗ
1473 4416 1566 4470 Mo
1631 4419 1638 4482 Ι
1708 4417 1735 4470 7
1781 4412 1987 4496 φάσκει
2013 4415 2060 4468 V
2100 4417 2305 4481 123,18
2440 4413 2622 4484 λέγων
2646 4415 2727 4468 V*
2764 4419 2877 4482 1:23,
2909 4419 2972 4468 19

361 4483 368 4548 ἰ
427 4483 529 4538 θΙῐ
559 4481 669 4551 vgl.
709 4501 776 4536 zu
810 4483 858 4536 S.
902 4485 978 4538 18.
1019 4485 1106 4548 14;
1154 4483 1474 4553 Conybeare
1509 4485 1609 4538 hat
1642 4484 1975 4538 inzmschen
2012 4483 2161 4538 aeine
2196 4483 2363 4537 Ansic
2403 4484 2428 4535 t
2461 4483 2729 4551 geandert
2763 4483 2972 4536 ZNTW

359 4551 406 4614 6,
445 4550 591 4604 ‘250f
650 4552 656 4616 Ι
727 4552 803 4606 10
840 4544 1027 4606 ἀντιλέ
1065 4571 1146 4606 ων
1185 4552 1274 4606 Mo
1339 4554 1346 4620 Ι
1411 4550 1716 4624 γέγραφεν]
1759 4561 1820 4615 ·†-
1858 4549 1917 4606 δὲ
1952 4551 2043 4606 Mo
2083 4559 2145 4614 -1-
2182 4551 2293 4621 γάρ
2331 4568 2358 4603 r
2420 4553 2427 4614 1
2497 4550 2571 4606 14
2616 4549 2793 4605 τύπον
2832 4564 2911 4604 mr

362 4619 438 4738 1³2
475 4610 669 4738 ιέξστῇερ
711 4619 774 4684 V,
812 4637 944 4673 corr.
1048 4636 1077 4673 e
1142 4621 1148 4686 Ι
1216 4621 1294 4674 26
1330 4625 1432 4674 τοῦ
1467 4623 1608 4675 θεοῦ
1643 4619 1741 4681 V*‚
1780 4637 1915 4675 corr.
1955 4619 2030 4671 V2
2093 4622 2100 4685 Ι
2166 4621 2239 4674 31
2279 4616 2503 4685 δοξάζει
2540 4618 2633 4683 V*,
2672 4635 2807 4673 corr.
2848 4619 2923 4670 V²

403 4695 436 4738 :-
509 4703 534 4739 ε
631 4703 664 4739 o
