3694 5582
1384 471 1577 524 eontra
1610 471 1933 526 Marcellum
1972 473 1994 524 I
2031 474 2077 526 1.
2974 484 3009 542 7

386 621 492 718 ἦν,
541 635 596 700 εἰ
639 629 728 719 μὴ
776 630 1168 718 ἄνθρωπος,
1212 634 1482 720 προϊών
1527 625 1725 716 αὖθις
1771 632 2069 722 διεσάφει
2113 641 2329 725 λέγων
2366 634 2518 709 »ὅτε
2549 645 2619 710 δὲ
2649 636 3010 726 εὐδόκησεν

388 726 425 802 6
473 730 639 813 θεὸς
685 725 721 801 6
768 728 1096 819 ἀφορίσας
1138 761 1216 820 με
1261 735 1334 802 ἐκ
1373 738 1635 815 κοιλίας
1677 731 1933 823 μητρός
1984 763 2116 822 μου
2174 733 2607 824 ἀποκαλύψαι
2668 736 2793 808 τὸν
2852 736 3008 808 υἱὸν

390 827 606 902 αὐτοῦ
651 835 726 901 ἐν
769 837 973 919 ἐμοίι.
1038 826 1200 924 ὁρᾷς
1243 839 1396 916 πῶς
1439 831 1590 904 υἱὸν
1633 840 1804 906 θεοῦ
1851 843 2086 920 σαφῶς
2130 832 2492 924 ἀνηγόρευε·
2540 836 2667 907 τὸν
2712 843 3005 925 σωτῆρα.

387 937 498 1000 καὶ
546 931 654 1002 διὰ
700 937 912 1002 τοῦτο
959 930 1143 1004 θεόν.
1227 939 1339 1003 καὶ
1401 926 1510 1004 ὅτι
1570 960 1643 1020 γε
1696 931 1832 1022 πρὸ
1890 941 2012 1024 τῆς
2060 933 2392 1024 ἐνσάρκου
2444 944 2815 1024 παρουσίας
2858 936 3008 1008 υἱὸν
3043 957 3109 1010 27

317 1041 350 1093 5
389 1026 605 1101 αὐτὸν
649 1038 778 1102 τοῦ
822 1038 993 1103 θεοῦ
1038 1025 1212 1103 ὅντα
1255 1029 1620 1122 ἠπίστατο,
1668 1030 2062 1122 τρανότατα
2104 1042 2512 1123 παρίστησιν
2556 1039 2892 1125 ἐπιλέγων
2936 1039 3009 1106 ἐν

388 1138 476 1219 τῇ
519 1129 690 1218 αὐτῇ
745 1131 920 1220 πρὸς
963 1129 1280 1213 Γαλάτας
1341 1137 1665 1222 ἐπιστολῇ
1732 1129 1886 1204 »ὅτε
1949 1139 2019 1204 δὲ
2082 1127 2297 1224 ἦλθεν
2340 1135 2421 1206 τὸ
2484 1133 2823 1224 πλήρωμα
2884 1143 3009 1206 τοῦ

387 1227 654 1320 χρόνου,
700 1235 1170 1318 ἐξαπέστειλεν
1215 1227 1252 1304 6
1297 1231 1460 1315 θεὸς
1505 1232 1631 1304 τὸν
1675 1232 1823 1304 υἱὸν
1856 1230 2085 1318 αὐτοῦ,
2131 1233 2493 1322 γενόμενον
2523 1239 2597 1304 ἐκ
2636 1232 3008 1322 γυναικόςε.

389 1327 641 1402 οὐκοῦν
685 1328 766 1402 06
812 1338 964 1412 νῦν,
1028 1327 1204 1402 ἀλλὰ
1247 1341 1409 1419 πρὶν
1453 1328 1496 1420 ἢ
1551 1339 1865 1422 γενέσθαι
1922 1339 1996 1404 ἐκ
2047 1332 2391 1422 χυναικός,
2452 1333 2604 1406 υἱὸν
2666 1328 2837 1406 ὄντα
2897 1344 3008 1405 καὶ

387 1427 700 1516 προόντα
743 1425 1140 1502 ἀπέστειλεν
1184 1427 1221 1502 6
1276 1430 1531 1522 πατήρ·
1607 1430 1702 1515 οὖς
1765 1431 1849 1503 ἀν
1912 1428 1950 1504 6
2002 1431 2216 1505 πάλαι
2274 1434 2419 1516 υίὸς
2480 1441 2651 1504 θεοῦ
2700 1443 2815 1504 καὶ
2866 1433 3007 1517 υἱὸς

281 1537 350 1590 10
390 1524 774 1616 ἀνθρώπου
818 1535 1111 1617 γένοιτο,
1158 1528 1517 1620 γενόμενος
1567 1537 1676 1602 »ἐκ
1707 1529 2081 1620 γυναικός«.
2144 1530 2318 1605 ἀλλὰ
2346 1541 2456 1604 καὶ
2486 1542 2764 1653 μεσίτην
2796 1530 3011 1604 αὐτὸν
3046 1545 3111 1598 28

388 1635 515 1701 τοῦ
559 1635 862 1752 ΊΙωσέωῖς
909 1628 1124 1718 νόμου
1178 1638 1491 1719 γενέσθαι
1546 1629 1868 1716 διδάσκει,
1932 1637 2252 1720 διορίζων
2313 1633 2441 1705 τὸν
2500 1640 2621 1723 τῆς
2683 1640 3009 1723 μεσιτείας

390 1726 599 1817 λόγον
644 1725 728 1800 δι’
774 1731 877 1799 ὠν
921 1754 1129 1818 φησιν
1179 1738 1284 1800 »τί
1328 1723 1482 1815 οὖν;
1528 1727 1565 1802 6
1615 1729 1821 1819 νόμος
1866 1739 2012 1802 τῶν
2057 1728 2504 1818 παραβάσεων
2548 1731 2743 1820 χάριν
2786 1738 3007 1822 ἐτέθη

389 1828 542 1917 ἄχρι
603 1827 688 1899 ἂν
749 1832 920 1917 έλθη
984 1829 1064 1900 τὸ
1111 1836 1367 1919 σπερμα
1421 1823 1478 1920 ᾧ
1499 1830 1967 1958 ἐπήγγελται,
2032 1839 2361 1921 διαταγεὶς
2426 1829 2505 1903 δι’
2570 1831 2877 1921 ἀγγέλων
2937 1839 3010 1904 ἐν

385 1936 555 2017 χειρὶ
597 1935 888 2016 μεσίτου.
975 1925 1012 2000 6
1059 1936 1129 2000 δὲ
1172 1937 1438 2018 μεσίτης
1495 1930 1645 2014 ἑνὸς
1705 1928 1828 2003 οὐκ
1884 1935 2095 2014 ἔστιν,
2160 1927 2197 2003 6
2258 1937 2330 2003 δὲ
2394 1933 2553 2016 θεὸς
2615 1934 2707 2015 εἷς
2768 1938 3011 2003 ἐστινα.

283 2041 349 2092 15
389 2027 654 2112 ἀκούεις
683 2024 891 2156 (ὅπως
935 2033 1010 2098 ἐν
1052 2029 1326 2112 τούτοις
1372 2028 1409 2102 6
1466 2027 1854 2114 ἀπόστολος
1900 2029 2212 2114 Γαλάτας
2274 2029 2521 2114 αὐτοὺς
2582 2036 2876 2118 ἐδίδαξεν
2940 2039 3009 2118 ἐξ

387 2129 700 2201 εκείνου(
682 2131 754 2198 εἰ·
757 2159 798 2200 α
829 2128 1019 2218 <τόν>
1061 2129 1232 2200 θεὸν
1261 2135 1526 2212 εἰδέναι,
1572 2158 1678 2199 και
1714 2130 1830 2200 ἕνα
1862 2130 1985 2200 τὸν
2013 2137 2290 2220 μεσίτην
2334 2137 2503 2203 θεοῦ
2532 2139 2642 2202 καὶ
2688 2127 3008 2220 ἀγγέλων.
3044 2144 3109 2197 29

389 2222 425 2298 6
471 2229 553 2318 δὴ
599 2235 704 2299 καὶ
752 2230 892 2300 ἐν<
869 2236 1123 2316 ετέροις
1168 2228 1412 2318 ἐδήλου
1463 2236 1686 2316 λέγων
1723 2239 1730 2316 Ι
1777 2229 1903 2311 »εἷς
1948 2229 2073 2318 γὰρ
2121 2225 2157 2301 6
2202 2227 2390 2314 θεός·
2446 2229 2543 2314 εἷς
2586 2240 2696 2301 καὶ
2737 2241 3007 2319 μεσίτης
3072 2245 3107 2300 8

387 2335 559 2399 θεοῦ
602 2335 711 2398 καὶ
745 2325 1167 2415 ἀνθρώπων,
1213 2328 1590 2416 ἄνθρωπος
1620 2326 1861 2452 Ἰησοῦς
1896 2329 2245 2418 Χριστόςτ.
2310 2327 2458 2401 ἀλλ’
2505 2325 2619 2402 ότε
2648 2338 2770 2420 μὲν
2806 2337 3008 2402 »θεοῦ

385 2436 499 2497 καὶ
544 2425 983 2518 ἇνθρώπωνι
1031 2437 1312 2517 μεσίτην
1357 2425 1570 2501 αὐτὸν
1618 2427 1990 2516 ὠνόμαζεν,
2038 2428 2321 2512 εἰκότως
2366 2429 2749 2518 ἄνθρωπον
2794 2427 3007 2502 αὐτὸν

279 2537 348 2590 20
388 2529 497 2598 διὰ
542 2527 670 2617 τὴν
713 2529 1244 2617 ἐνανθρώπησιν
1287 2525 1532 2599 ἐκάλει·
1595 2523 1712 2600 ὅτε
1775 2534 1846 2600 δὲ
1900 2526 1981 2600 66
2032 2538 2307 2618 μεσίτην
2374 2537 2537 2600 θεοῦ
2579 2539 2691 2601 καὶ
2733 2526 3005 2620 ἀνθρώ-

383 2656 561 2711 πων,
609 2626 785 2699 ἀλλὰ
829 2634 1000 2700 θεοῦ
1041 2637 1155 2699 καὶ
1200 2623 1508 2716 ἀγγέλων
1563 2627 1686 2700 τὸν
1739 2625 1955 2699 αὐτὸν
2000 2632 2286 2720 εἰσῆγεν,
2343 2626 2563 2702 οὐκέτ’
2624 2629 3007 2719 ἄνθρωπον

387 2724 758 2817 ωνόμαζεν,
811 2724 1026 2817 μόνον
1081 2732 1152 2798 δὲ
1194 2735 1474 2817 μεσίτην
1537 2735 1769 2816 φησίν,
1834 2727 1961 2800 τὸν
2020 2727 2231 2819 νόμον
2294 2728 2731 2819 διατετάχθαι
2792 2730 3007 2801 εἰπὼν

390 2824 510 2898 »δι’
558 2824 865 2917 ἀγγέλων
907 2832 980 2899 ἐν
1023 2836 1190 2918 χειρὶ
1233 2836 1576 2915 μεσίτουι,
1633 2834 1940 2914 διαιρέσει
1996 2858 2069 2899 τε
2112 2826 2497 2957 ἀναγκαίως
2543 2829 2625 2902 τὸ
2667 2835 2792 2900 τοῦ
2834 2838 3003 2917 μεσί-
3041 2844 3108 2897 30

383 2956 512 2999 του
559 2920 772 3017 ὄνομα
818 2934 1172 3015 διασαφῶν
1217 2932 1292 3000 ὲν
1336 2935 1437 3015 τῷ
1486 2933 1701 3016 λέγειν
1752 2924 1825 2999 »6
1873 2935 1943 3000 δὲ
1985 2938 2264 3051 μεσιτηςς
2314 2930 2467 3012 ἑνὸς
2520 2927 2645 3002 οὐκ
2700 2933 2907 3014 ἔστιν,
2966 2924 3002 2999 6

273 3038 344 3093 25
384 3032 456 3097 δε
499 3026 662 3109 θεὸς
707 3026 804 3108 εἶς
848 3032 1090 3098 ἐστινε.
1153 3020 1308 3098 ου”τε
1355 3026 1483 3143 ἄκρα
1526 3022 1562 3098 6
1609 3026 1772 3111 θεὸς
1817 3032 1917 3117 ε’ίη
1956 3026 2137 3101 32=”
2100 3059 2184 3099 αν
2228 3025 2265 3099 6
2309 3038 2579 3119 μεσίτης
2622 3036 2835 3115 (τίνος
2879 3028 3003 3117 γὰρ

380 3134 492 3197 καὶ
545 3122 790 3215 γένοιτ’
832 3124 916 3196 ἂν
960 3132 1281 3215 μεσίτης,·)
1328 3121 1487 3198 οὔτε
1532 3123 1568 3198 6
1612 3136 1885 3217 μεσίτης
1930 3124 2136 3211 αὐτὸς
2182 3125 2429 3214 [αὐτὸς]
2478 3126 2561 3199 ἂν
2606 3134 2703 3216 εἴη
2746 3125 2783 3199 6
2816 3126 3002 3210 θεός·

387 3222 497 3297 «6»
550 3225 674 3315 γὰρ
725 3234 1027 3316 «μεσίτης
1074 3224 1222 3308 ἑνὸς
1254 3222 1377 3298 οῦκ
1407 3229 1648 3297 gorm«.
1720 3233 1905 3297 δυεῖν
1936 3223 1994 3299 δ’
2040 3227 2169 3315 ἄρα
2200 3235 2397 3315 μέσος
2429 3231 2721 3317 ἕστηκεν.
2785 3236 3001 3299 τίνων
3037 3242 3099 3294 31

381 3325 678 3409 τούτων,
725 3334 1039 3413 διασαφεῖ
1077 3321 1402 3414 ἀγγέλους
1447 3322 1801 3412 ὀνομάζων
1843 3334 1953 3396 καὶ
2011 3327 2138 3397 τὸν
2180 3326 2375 3399 θεόν·
2442 3320 2541 3397 ὦν
2582 3334 2786 3413 μέσον
2831 3322 3001 3398 ὄντα

381 3424 511 3496 τὸν
551 3426 702 3497 υἱὸν
747 3433 872 3496 τοῦ
911 3431 1082 3497 θεοῦ
1146 3428 1260 3511 [ἐκ]
1323 3424 1450 3495 τὸν
1511 3424 1726 3514 νόμον
1781 3434 1951 3514 χειρὶ
2006 3433 2127 3515 μὲν
2188 3434 2322 3518 ἰδίᾳ
2382 3433 2727 3517 εἰληφέναι
2794 3436 3000 3515 φησὶν

268 3540 342 3593 30
377 3524 563 3611 παρὰ
608 3532 736 3596 τοῦ
777 3522 1068 3613 πατρός,
1137 3522 1257 3595 »δι’
1319 3521 1661 3613 ἀγγέλων(
1715 3532 1784 3595 δὲ
1828 3532 1930 3615 τῷ
1976 3527 2237 3652 πρτότῳ
2306 3532 2771 3614 διατεταχέναι
2834 3534 2998 3615 λαῷ.

377 3626 466 3711 ἠν
511 3623 644 3713 ἄρα
685 3630 756 3710 ἐξ
800 3630 1062 3696 ἐκείνου
1107 3620 1142 3695 6
1184 3623 1329 3707 υἱὸς
1371 3634 1642 3713 μεσίτης
1685 3632 1855 3696 θεοῦ
1898 3653 1975 3696 τε
2026 3633 2135 3696 καὶ
2192 3622 2526 3714 ἀγγέλων,
2588 3633 2753 3715 πρὶν
2812 3622 2855 3713 ἠ
2902 3654 2997 3713 γε·

376 3730 618 3795 νέσθαι
666 3732 966 3814 »μεσίτης
1007 3730 1190 3797 θεοῦ
1219 3732 1330 3793 καὶ
1384 3721 1842 3811 ἇνθρώπωνι.
1928 3734 2042 3797 καὶ
2101 3717 2187 3813 ἦν
2248 3722 2369 3812 οὐχ
2432 3723 2527 3807 οὖς
2578 3726 2777 3813 ψιλὸς
2830 3731 2997 3797 θεοῦ
3032 3736 3098 3788 32

377 3820 610 3911 λόγος,
675 3820 1174 3905 ἀνυπόστατος,
1239 3826 1312 3893 ἓν
1369 3832 1482 3893 καὶ
1542 3820 1799 3895 ταύτὸν
1850 3820 2177 3911 ὑπάρχων
2232 3832 2333 3913 τῷ
2388 3832 2532 3913 θεῷ
2591 3820 2698 3910 (06
2741 3823 2866 3911 γὰρ
2913 3821 2997 3894 ἂν

376 3928 477 4010 ειη
524 3918 709 3994 οὕτω
757 3952 828 4013 γε
871 3929 1194 4013 μεσίτης)
1241 3918 1389 3994 ἄλλ
1435 3914 1520 4011 ἦν
1563 3930 1672 3995 καὶ
1717 3931 1944 4012 προῆν
1990 3955 2084 4007 ως
2121 3922 2529 4012 »μονογενὴς
2558 3921 2701 4005 υίὸς
2728 3921 2995 4043 πλήρης

259 4040 334 4091 35
370 4019 650 4110 χάριτος
692 4030 803 4093 καὶ
848 4020 1229 4112 ἀληθείαςι.
1315 4031 1427 4093 καὶ
1487 4026 1576 4112 ἠν
1628 4022 1996 4111 μεσιτεύων
2043 4031 2143 4113 τῷ
2200 4030 2407 4111 πατρὶ
2450 4029 2822 4111 παρέχοντι
2866 4024 2993 4095 τὸν

549 4195 580 4250 l
620 4194 740 4248 Gal.
780 4198 825 4257 1,
861 4196 941 4249 1.›.
981 4195 1046 4249 16
1097 4222 1164 4232 -·
1223 4194 1258 4248 θ
1294 4192 1414 4247 Gal.
1445 4197 1503 4259 4,
1539 4197 1574 4248 4
1625 4224 1692 4232 -
1748 4195 1822 4249 10
1861 4193 1982 4249 Gal.
2018 4197 2078 4257 4,
2113 4198 2147 4249 4
2200 4224 2265 4231 -
2319 4195 2395 4250 12
2445 4193 2565 4249 Gal.
2602 4195 2873 4258 3‚19.20
2926 4224 2992 4232 -—-

373 4296 450 4351 17
489 4296 514 4349 1
551 4294 685 4349 Tim.
723 4297 772 4359 2.
809 4298 840 4351 5
875 4326 942 4333 -
981 4294 1052 4350 18
1086 4294 1266 4349 1'rim.
1292 4297 1340 4361 2,
1365 4298 1397 4351 5
1421 4325 1488 4334 -
1531 4296 1610 4351 23
1649 4296 1929 4361 Ga1.3,19
1971 4326 2037 4333 -
2081 4296 2161 4351 24
2186 4295 2307 4350 Gal.
2334 4298 2382 4357 3,
2402 4296 2469 4349 20
2502 4326 2569 4333 —
2606 4296 2679 4350 27
2714 4295 2833 4349 Gal.
2858 4298 2904 4361 3,
2924 4296 2991 4349 20

367 4428 439 4436 —
475 4398 548 4452 27
593 4397 704 4467 vgl.
742 4398 790 4450 S.
829 4398 878 4463 8,
913 4400 948 4451 4
981 4428 1048 4435 -
1085 4398 1160 4453 80
1198 4397 1316 4451 Gal.
1355 4400 1402 4463 3,
1443 4400 1507 4453 19
1543 4428 1609 4435 —
1647 4396 1724 4453 82
1762 4398 1785 4449 I
1821 4396 1958 4451 Tim.
1996 4400 2045 4459 2,
2082 4400 2113 4453 5
2148 4428 2215 4436 -
2254 4396 2332 4452 34
2370 4396 2489 4451 Joh.
2530 4400 2575 4460 1,
2616 4400 2681 4451 14

541 4546 576 4602 4
607 4546 812 4604 τούτου
848 4546 953 4601 We
1006 4548 1014 4614 Ι
1071 4547 1146 4603 16
1183 4542 1285 4603 τὸν
1320 4565 1378 4600 m
1429 4551 1440 4617 Ι
1491 4544 1765 4618 ἀγγέλων]
1821 4545 2189 4620 ἀνθρώπωνὶ)
2244 4548 2335 4601 Mo
2390 4548 2401 4615 Ι
2455 4546 2529 4601 21
2588 4540 2763 4602 αὐτὸν
2807 4548 2896 4601 fib.
2937 4548 2985 4599 d.

365 4652 419 4705 Z.
459 4650 534 4703 V²
589 4651 598 4719 1
653 4650 730 4704 26
770 4640 947 4715 αὐτὸς
981 4652 1072 4703 atr.
1112 4650 1182 4703 Kl
1237 4652 1245 4718 Ι
1309 4652 1386 4706 29
1425 4647 1489 4705 ἐκ
1523 4660 1589 4708 <
1615 4668 1652 4719 g
1703 4652 1711 4719 Ι
1767 4650 1846 4704 30
1883 4646 2094 4723 πρώτῳ
2130 4670 2185 4704 m
2222 4666 2337 4717 προ
2364 4648 2413 4702 V
