3694 5582
731 489 811 548 46
1902 475 2171 533 Eusebius

732 639 1106 732 γράφουσιν
1137 639 1626 730 δικαιοσύνηνι.
1701 639 1802 722 οἶς
1847 640 1999 730 ἑξῆς
2042 644 2331 727 ἐπιλέγει
2362 634 2403 728 ἦ
2433 635 2604 727 αὕτη
2636 645 2843 725 σοφία
2892 641 3001 706 »ἐν
3028 633 3213 720 ὁδοῖς
3256 642 3347 707 δι·
3416 654 3447 708 9

731 739 1090 828 καιοσύνης
1131 747 1512 829 περιπατῶ,
1543 747 1652 809 καὶ
1683 736 2023 826 ἀναμέσον
2055 747 2308 827 τρίβων
2338 739 2791 826 δικαιώματος
2822 731 3345 826 ἀναστρέφομαι,

735 846 842 912 ἵνα
893 849 1142 930 μερίσω
1187 861 1332 922 τοῖς
1377 844 1488 927 ἐμὲ
1533 836 1890 927 ἀγαπῶσιν
1933 832 2247 925 υπαρξιν,
2294 844 2405 909 καὶ
2458 837 2621 918 τοὺς
2666 836 3055 926 θησαυροὺς
3117 834 3350 956 αὐτῶν

734 937 1056 1029 ἐμπλήσω
1117 936 1422 1028 ἀγαθῶν.
1508 939 1627 1010 ἐὰν
1681 934 2057 1026 άναγγείλω
2114 932 2269 1027 υμῖν
2324 936 2412 1008 τά
2462 931 2622 1006 καθ
2666 933 2914 1026 ἡμέραν
2965 933 3350 1025 γιγνόμενα,

665 1063 698 1115 5
733 1039 1176 1131 μνημονεύσω
1221 1039 1310 1110 τὰ
1353 1043 1423 1125 ἐξ
1467 1045 1722 1121 αἰῶνος
1765 1032 2152 1127 ἀριθμῆσαι.
2221 1034 2451 1122 κύριος
2482 1040 2744 1106 ἔκτισέν
2785 1064 2863 1124 με
2908 1031 3121 1125 ἆρχὴν
3164 1031 3353 1107 ὁδῶν
3387 1047 3448 1100 10

735 1138 951 1212 αὐτοῦ
995 1143 1086 1221 εἰς
1128 1143 1290 1226 Υἔργα
1330 1135 1562 1222 αὐτοῦ,
1605 1137 1742 1228 πρὸ
1789 1143 1916 1211 τοῦ
1958 1142 2211 1220 αἰῶνος
2254 1140 2704 1224 ἑθεμελίωσέν
2731 1159 2837 1222 με·
2900 1139 2975 1206 ἐν
3004 1132 3171 1226 ἀρχῇ
3212 1133 3351 1224 πρὸ

735 1247 862 1312 τοῦ
906 1238 1034 1328 τὴν
1077 1245 1206 1328 γῆν
1247 1245 1559 1328 ποιῆσαι(
1618 1245 1730 1310 καὶ
1783 1237 1870 1308 τὰ
1923 1236 2199 1318 τούτοις
2252 1237 2416 1325 ἑξῆς.
2500 1235 2603 1317 οἷς
2645 1234 2733 1324 μὴ
2776 1241 3136 1324 βουληθεὶς
3180 1234 3308 1323 τὴν
3344 1250 3347 1271 “
3388 1254 3461 1310 45

735 1337 1048 1411 διάνοιαν
1089 1344 1443 1430 ἐπιστῆσαι
1491 1337 1908 1428 Μάρκελλος,
1956 1335 2109 1418 ἑνὸς
2152 1341 2223 1406 δὲ
2267 1331 2483 1425 μόνου
2510 1330 2873 1424 γενόμενος
2902 1341 3179 1421 σκοποῦ,
3228 1341 3354 1408 τοῦ

732 1439 822 1529 μὴ
869 1434 1286 1529 ὁμολογῆσαι
1329 1438 1455 1509 τὸν
1499 1437 1653 1509 υἱὸν
1701 1444 1825 1509 τοῦ
1868 1443 2066 1520 θεοῦ,
2124 1433 2255 1524 τὴν
2314 1439 2769 1525 προκειμένην
2827 1442 3198 1523 θεολογίαν
3240 1439 3351 1506 ἐπὶ

636 1559 704 1614 10
736 1539 864 1628 τὴν
909 1536 1121 1626 σάρκα
1173 1535 1526 1626 ἀναφέρει,
1589 1544 1698 1608 καὶ
1762 1537 1892 1626 τὴν
1952 1531 2229 1607 εὐθεῖαν
2288 1541 2782 1624 παρεκτραπεὶς
2842 1529 3007 1606 ὁδὸν
3070 1531 3352 1606 ἇνοδίαν

739 1640 956 1728 ἑαυτῷ
1003 1635 1386 1727 ἐπενόησεν,
1429 1634 1719 1727 γράφων
1760 1635 1939 1708 κατὰ
1982 1641 2164 1720 λέξιν
2208 1663 2434 1717 ουτως

863 1709 1000 1824 (Νι.
1032 1746 1094 1824 9)
1141 1737 1223 1809 τὸ
1272 1745 1509 1809 τοίνυν
1550 1735 1930 1824 κεφάλαιον
1972 1740 2164 1806 τουτὶ
2208 1739 2332 1822 τῆς
2372 1741 2763 1851 Παροιμίας.
2786 1761 2869 1803 ου
2912 1731 3056 1821 τὴν
3101 1729 3353 1823 ἀρχὴν
3390 1754 3447 1804 11

864 1844 1003 1928 τῆς
1031 1835 1457 1926 θεότητος.
1492 1861 1720 1923 ωσπερ
1751 1832 1949 1908 αὐτοὶ
1978 1841 2388 1923 νομίζουσιν,
2420 1838 2547 1904 τοῦ
2577 1837 2887 1920 σωτῆρος
2918 1827 3111 1921 ἡμῶν
3138 1861 3351 1920 παρα-

865 1943 1100 2026 στῆσαι
1143 1935 1564 2025 βουλόμενον
1614 1963 1878 2022 »κυριος
1923 1938 2182 2004 ἔκτισέν
2223 1961 2339 2022 με(
2398 1937 2555 2021 ἔφη,
2618 1928 2791 2002 αλλὰ
2852 1929 2982 2020 τὴν
3032 1937 3353 2018 δευτέραν

638 2056 704 2110 15
861 2035 1038 2108 κατὰ
1081 2033 1294 2124 σάρκα
1325 2041 1752 2124 οἰκονομίαν·
1807 2032 1910 2106 διὸ
1940 2038 2051 2103 καὶ
2080 2041 2366 2116 κτίσεως
2408 2039 2737 2122 μέμνηται
2779 2028 3199 2119 προσφόρως
3230 2036 3354 2119 τῆς

864 2133 1313 2227 ἀνθρωπίνης
1357 2133 1622 2224 σαρκός.

737 2243 849 2306 καὶ
892 2238 1042 2325 ἑξῆς
1085 2241 1375 2324 ἐπιλέγει
3390 2247 3452 2300 12

865 2339 1003 2422 (Nr.
1043 2342 1106 2421 9)
1169 2332 1424 2406 οὐκοῦν
1465 2331 1506 2422 ἡ
1549 2341 1764 2415 κτίσις
1808 2339 1894 2420 τῇ
1936 2330 2111 2401 κατὰ
2156 2331 2535 2418 ἄνθρωπον
2576 2326 2792 2402 αὐτοῦ
2846 2336 3143 2416 διαφέρει
3184 2358 3355 2415 πρα-

863 2443 1157 2526 γματεία.
1231 2430 1335 2504 διό
1382 2457 1588 2560 φησιν
1623 2429 1889 2518 »κύριος
1932 2433 2194 2501 ἔκτισέν
2220 2459 2301 2520 με
2344 2425 2557 2520 αρχὴν
2586 2425 2774 2502 οδῶν
2814 2425 3029 2502 αυτοῦ
3072 2433 3225 2512 εἰς’ο
3194 2456 3357 2518 εργα

639 2551 708 2606 20
870 2531 1141 2617 αὐτοῦς,
1182 2535 1444 2602 ἔκτισέν
1471 2559 1552 2618 με
1583 2527 1907 2620 δηλονότι
1936 2529 2045 2602 διὰ
2076 2537 2200 2620 τῆς
2228 2537 2582 2619 παρθένου
2610 2537 2871 2618 Μαρίας
2900 2525 2981 2600 δι’
3014 2519 3092 2618 ἧς
3122 2523 3161 2600 o‘
3192 2525 3356 2611 θεὸς

865 2636 1116 2704 ενῶσαι
1156 2631 1286 2721 τὴν
1331 2627 1782 2720 ἀνθρωπίνην
1826 2628 2043 2718 σάρκα
2085 2636 2185 2719 τῷ
2232 2631 2485 2701 ἑαυτοῦ
2526 2626 2711 2720 λόγῳ
2754 2635 3131 2717 προείλετο.

739 2741 851 2805 καὶ
893 2729 1044 2823 μεθ’
1093 2733 1286 2821 ἕτερα
1329 2739 1784 2820 προστίθησιν
1828 2735 2051 2821 λέγων
3388 2741 3451 2797 13

866 2838 1002 2920 (Nr.
1040 2840 1138 2919 10)
1185 2830 1438 2903 τούτου
1483 2838 1720 2903 τοίνυν
1763 2824 1985 2913 οὕτως
2030 2834 2331 2919 ἔχοντος,
2393 2825 2789 2901 ἇκόλουθόν
2842 2832 3027 2900 ἐστιν
3072 2845 3353 2897 σκοπεῖν

866 2940 950 3021 τῇ
995 2937 1258 3022 διανοίᾳ
1302 2930 1385 3001 τὸ
1437 2936 1923 3019 παροιμιωδῶς
1984 2936 2337 3019 εἰρημένον
2398 2935 2592 3001 τουτὶ
2650 2922 3022 3015 κεφάλαιον
3085 2924 3354 3049 ῗκύριος

638 3056 704 3109 25
865 3034 1127 3103 ἔκτισέν
1168 3059 1248 3121 με
1291 3028 1504 3120 ἀρχὴν
1547 3025 1732 3101 οδῶν
1777 3026 1991 3101 αὐτοῦ
2034 3032 2201 3113 εἰς’
2170 3057 2328 3117 εργα
2372 3024 2641 3099 αυτοῦι.
2726 3030 2985 3099 ἔκτισεν
3028 3025 3159 3114 γὰρ
3192 3023 3352 3115 άλη-

863 3140 1014 3214 θῶς
1055 3130 1140 3203 τὸ
1182 3129 1271 3220 μὴ
1317 3158 1400 3199 ον
1442 3157 1837 3218 πεποιηκως
1867 3158 1906 3200 ο
1938 3127 2273 3218 δεσπότης
2303 3123 2499 3217 ἡμῶν
2526 3124 2714 3210 θεός·
2760 3154 2885 3199 ουκ
2920 3119 3131 3198 οὖσαν
3159 3124 3353 3215 <γάρ>

862 3231 995 3321 τὴν
1037 3227 1269 3320 σάρκα,
1315 3226 1402 3317 ἣν
1447 3226 1810 3318 ἀνείληφεν
1855 3224 1892 3300 ὁ
1937 3226 2144 3318 λόγος
2187 3223 2397 3315 <άλλά
2438 3226 2527 3317 μὴ
2572 3252 2783 3300 ουσαν
2827 3230 3135 3314 ἔκτισεν>.

735 3340 850 3401 καὶ
891 3336 1195 3419 ἐπιφέρει
1239 3321 1440 3410 αὖθις
1479 3334 1702 3417 λέγων

861 3434 1176 3517 (Nr.113)
1220 3425 1475 3501 ουκοῦν
1525 3425 1716 3501 τοῦτ’
1764 3433 1951 3499 ἐστιν
1996 3425 2078 3498 τὸ
2146 3426 2409 3516 »κύριος
2470 3429 2729 3497 ἔκτισέν
2785 3452 2867 3514 με
2910 3420 3123 3515 ἀρχὴν
3167 3418 3350 3494 ὁδῶν

636 3550 704 3606 30
861 3528 1075 3603 αὐτοῦ
1119 3532 1283 3611 εἰς’
1251 3557 1412 3618 εργα
1455 3526 1726 3599 αυτοῦε.

738 3627 969 3718 ἐπάγει
1011 3634 1088 3700 δέ
3388 3654 3454 3705 14

864 3734 1000 3815 (Nr.
1037 3736 1136 3815 14)
1188 3727 1358 3818 »πρὸ
1405 3735 1532 3801 τοῦ
1575 3733 1828 3810 αἰῶνος
1872 3731 2319 3816 ἐθεμελίωσέν
2360 3752 2511 3810 μει,
2556 3730 2877 3813 θεμέλιον
2927 3728 3049 3811 μὲν
3095 3728 3351 3795 τοῦτον

863 3823 1238 3916 ὀνομάζων,
1282 3826 1411 3916 τὴν
1455 3828 1630 3899 κατὰ
1673 3822 1889 3914 σάρκα
1934 3822 2146 3899 αὐτοῦ
2187 3833 2715 3915 προορισθεῑσαν
2760 3826 3172 3910 οἰκονομίαν.
3256 3819 3351 3903 (ὃς

861 3935 971 3998 καὶ
1017 3922 1054 3999 ὅ
1102 3923 1488 4010 ἀπόστολος
1519 3933 1696 4017 λέγει
1734 3931 2090 4014 »θεμέλιον
2128 3924 2253 4015 γὰρ
2284 3923 2502 3997 ἄλλον
2546 3917 2760 4003 οὐδεὶς
2798 3919 3081 3991 δύναται
3128 3932 3349 3992 θεῖναι

635 4048 702 4101 35
861 4027 1047 4115 παρὰ
1090 4024 1219 4097 τὸν
1269 4034 1604 4115 κείμενον,
1669 4020 1744 4109 ὅς
1804 4029 1989 4097 ἐστιν
2029 4020 2273 4115 Ἰησοῦς
2320 4018 2667 4113 Χριστόςι.
2755 4018 2907 4103 ἑνὸς
2967 4026 3039 4090 δὲ
3098 4022 3349 4101 αἰῶνος

862 4131 1166 4197 ἐνταῦθα
1195 4134 1544 4215 μέμνηται,
1577 4121 1695 4213 ἀφ’
1730 4118 1809 4196 οὗ
1839 4122 1927 4196 τὰ
1956 4122 2132 4196 κατὰ
2162 4121 2289 4194 τὸν
2306 4120 2609 4209 Χριστὸν
2634 4126 3173 4208 τεθεμελιῶσθαι
3204 4122 3346 4209 ἔφη.

909 4299 942 4353 1
981 4296 1140 4351 Prov.
1177 4298 1226 4363 8,
1263 4298 1464 4352 20—23
1500 4325 1566 4336 —
1605 4297 1681 4351 14
1719 4297 1881 4352 Prov.
1918 4298 1967 4363 8,
2004 4296 2071 4351 22
2107 4324 2173 4333 --
2213 4295 2288 4350 19
2324 4292 2487 4347 Prov.
2522 4292 2659 4359 8,22
2693 4321 2758 4329 —
2796 4290 2876 4346 24
2915 4290 3075 4343 Prov.
3111 4291 3160 4357 8,
3180 4290 3248 4343 22
3280 4318 3347 4329 -

738 4401 816 4455 29
853 4398 1012 4453 Prov.
1049 4400 1098 4465 8,
1135 4400 1202 4453 22
1237 4427 1302 4437 —
1340 4399 1418 4454 82
1454 4397 1612 4454 Prov.
1649 4398 1699 4465 8,
1735 4399 1802 4453 23
1838 4428 1905 4436 —
1943 4398 2021 4452 84
2058 4398 2087 4451 Ι
2124 4397 2253 4451 Kor.
2290 4398 2338 4463 3,
2376 4398 2437 4449 11

907 4548 981 4606 18
1019 4545 1124 4605 οὐκ
1159 4541 1260 4605 οὖν
1297 4566 1336 4619 g
1385 4550 1394 4617 Ι
1449 4551 1526 4605 26
1575 4546 1687 4621 γὰρ
1733 4548 1859 4603 and.
1896 4548 1972 4603 St.
2026 4550 2035 4615 Ι
2089 4548 2162 4603 27
2222 4541 2369 4603 ἀλλὰ
2418 4546 2496 4615 μὴ
2550 4538 2729 4600 οὖσαν
2780 4535 2999 4599 ἔκτισεν
3035 4541 3163 4597 and.
3198 4541 3275 4596 st„
3334 4542 3345 4611 Ι

736 4653 814 4708 29
851 4644 914 4706 τὸ
954 4648 1078 4705 and.
1115 4652 1190 4706 St.
1228 4646 1260 4704 ὁ
1302 4651 1351 4704 V
1405 4652 1414 4719 Ι
1468 4651 1545 4707 82
1581 4648 1688 4717 μὲν
1723 4659 1790 4709 <
1825 4650 1951 4704 and.
1988 4648 2070 4704 St.
