3694 5582
1243 499 1438 553 eontra
1473 498 1798 554 Maroellum
1831 500 1885 554 11
1920 503 1967 555 3.
2837 501 2911 562 51

443 665 708 750 δευτέρᾳ
752 655 914 748 δόξῃ
957 657 1086 732 τὸν
1127 657 1472 751 πρότερον
1514 659 1784 751 θνητὸν
1813 660 2199 752 ἄνθρωπον
2236 655 2592 732 ἀθάνατον
2635 653 2919 747 ἀπεργά-

441 783 628 850 σηται
667 765 782 830 καὶ
824 757 1124 848 τοσαύτη
1169 755 1382 832 αὐτὸν
1425 759 1676 851 δοξάσῃ
1729 759 1920 849 δόξῃ,
1974 769 1987 849 Ι
2044 759 2221 833 ὥστε
2280 757 2370 848 μὴ
2429 757 2647 848 μόνον
2708 755 2920 830 αὐτὸν
2956 772 3034 829 49

443 866 556 950 τῆς
581 865 924 948 προτέρας
952 855 1425 950 ἀπαλλαγῆναι
1454 867 1778 946 δουλείας,
1826 858 1999 932 ἀλλὰ
2027 867 2139 931 καὶ
2168 863 2289 948 τῆς
2316 854 2487 947 ὑπὲρ
2532 857 2923 946 ἄνθρωπον

443 958 816 1049 ἀξιωθῆναι
858 956 1078 1049 δόξης.

269 1071 299 1123 5
329 1067 428 1130 καὶ
467 1051 662 1142 αὖθις
704 1063 994 1148 ἐπιλέγει
2956 1084 3025 1140 34

442 1163 570 1247 (Nr.
609 1165 715 1246 97)
775 1159 914 1242 ἵνα,
979 1155 1076 1240 αἶς
1119 1162 1320 1248 ἔφην,
1379 1155 1515 1231 ύπὸ
1563 1166 1690 1232 τοῦ
1731 1158 2051 1245 διαβόλου
2097 1155 2545 1248 ἄπατηθέντα
2586 1155 2925 1250 πρότερον

443 1257 562 1330 τὸν
606 1257 996 1346 ἄνθρωπον
1036 1254 1252 1330 αύτόν
1297 1250 1497 1342 αὖθις
1541 1263 1804 1348 νικῆσαι
1866 1258 1992 1331 τὸν
2054 1255 2375 1343 διάβολον
2433 1256 2927 1346 παρασκευάσῃ.

444 1358 546 1429 διὰ
588 1363 800 1430 τοῦτο
850 1354 1214 1448 ἀνείληφεν
1243 1357 1372 1429 τὸν
1399 1357 1804 1446 ἄνθρωπον,
1850 1363 1959 1430 ἵνα
1986 1356 2394 1440 ἀκολούθως
2431 1365 2687 1431 τοῦτον
2718 1355 2927 1448 ἄπαρ-

438 1456 560 1546 χὴν
601 1462 728 1547 τῆς
769 1461 1071 1543 ἐξουσίας
1112 1467 1529 1546 παραλαβεῖν
1570 1455 2058 1546 παρασκευάσῃ.

243 1565 300 1618 10
327 1563 428 1627 καὶ
467 1565 923 1646 προστίθησιν
965 1560 1065 1627 ἔτι
1108 1563 1330 1646 λέγων

441 1661 572 1740 (Nr.
603 1667 683 1729 35
711 1691 799 1714 =
826 1663 930 1744 97)
963 1648 1168 1738 οὗτος
1199 1653 1325 1746 γάρ
1355 1650 1610 1728 ἐστιν
1571 1685 1610 1726 ο
1641 1652 2011 1746 ἀγαπητός,
2061 1651 2127 1780 ὅτ
2134 1663 2235 1747 τῷ
2274 1654 2461 1748 λόγῳ
2478 1663 2591 1732 46¹
2638 1657 2929 1740 ἓνωθεὶς

443 1756 846 1844 ἄνθρωπος,
907 1763 1062 1846 περὶ
1107 1746 1190 1829 οὗ
1235 1750 1274 1827 ό
1318 1753 1790 1846 εύαγγελιστὴς
1833 1759 1963 1846 ἔφη
2013 1747 2257 1839 »οὗτός
2301 1762 2485 1829 ἐστιν
2530 1751 2567 1828 ὁ
2612 1753 2759 1840 υἱός
2800 1786 2931 1846 μου

441 1850 478 1926 ό
525 1852 900 1945 ἀγαπητός,
945 1860 1022 1928 ἐν
1065 1845 1126 1945 ᾧ
1169 1851 1558 1944 εύδόκησασ.

327 1963 431 2026 καὶ
474 1949 673 2038 αὖθις
716 1959 1019 2044 ἐπιφέρει
2966 1965 3033 2020 35

238 2065 295 2116 15
442 2060 576 2142 (Nr.
608 2063 715 2143 98)
762 2083 874 2127 οτι
904 2050 942 2125 ό
974 2049 1178 2143 λόγος
1206 2061 1334 2127 τοῦ
1377 2051 1678 2143 ἀοράτου
1719 2063 1891 2128 θεοῦ
1934 2057 2041 2128 διὰ
2083 2061 2440 2145 παρθένου
2482 2054 2935 2146 τεχθήσεσθαι

444 2159 719 2243 ἔμελλεν
747 2161 860 2226 καὶ
890 2153 1020 2243 τὴν
1049 2149 1508 2246 ἀνθρωπίνην
1551 2150 2021 2246 ἀναλήψεσθαι
2050 2153 2281 2245 σάρκα,
2324 2161 2435 2224 καὶ
2473 2158 2583 2226 ἵνα
2613 2153 2697 2226 δι’
2728 2151 2936 2246 αύτῆς

443 2253 569 2326 τὸν
597 2249 946 2344 πρότερον
985 2253 1484 2344 κατισχύσαντα
1514 2259 1640 2325 τοῦ
1683 2250 2069 2342 ἀνθρώπου
2115 2252 2437 2341 διάβολον
2478 2251 2939 2344 καταγωνισά-

439 2381 642 2442 μενος
685 2352 774 2443 μὴ
818 2349 1038 2442 μόνον’
1081 2352 1448 2442 ἄφθαρτον
1499 2350 1716 2426 αὐτὸν
1773 2362 1887 2425 καὶ
1939 2351 2295 2426 ἀθάνατον
2345 2360 2661 2443 γενέσθαι
2727 2381 2938 2445 παρα-

442 2450 752 2540 σκευάσῃ,
797 2447 970 2524 άλλὰ
1011 2459 1125 2524 καὶ
1167 2452 1554 2540 σύνθρονον
1599 2457 1674 2524 ἐν
1717 2451 2033 2539 οὐρανοῖς
2076 2459 2179 2542 τῷ
2222 2461 2387 2544 θεῷ.

232 2559 294 2614 20
327 2559 534 2623 ταῦτα
577 2557 654 2624 δὲ
695 2549 926 2623 πάντα
969 2548 1342 2641 αναγκαῖον
1382 2558 1690 2641 κατέχειν
1732 2559 1806 2622 ἐν
1847 2550 2073 2643 μνήμη
2127 2525 2235 2625 διὰ
2292 2553 2378 2624 τὰ
2428 2559 2771 2644 μέλλοντα
2824 2548 2938 2623 ύπ
2973 2561 3040 2616 36

325 2647 532 2723 αὐτοῦ
576 2657 988 2740 Μαρκέλλου
1031 2651 1210 2724 κατὰ
1252 2657 1376 2742 τῆς
1417 2648 1680 2740 σαρκός,
1731 2643 1811 2742 ἧς
1850 2648 2216 2742 ἀνείληφεν
2258 2647 2295 2724 ό
2341 2658 2466 2724 τοῦ
2508 2658 2679 2725 θεοῦ
2722 2649 2941 2742 λόγος,

321 2756 804 2842 προφέρεσθαι.
892 2781 990 2834 ως
1032 2749 1158 2842 γὰρ
1201 2746 1683 2842 αμνημονήσας
1735 2750 2012 2823 τούτων
2064 2747 2423 2839 απάντων,
2489 2745 2591 2828 οὖν
2644 2757 2939 2841 ἐξέθετο,

324 2856 516 2933 τέλος
581 2846 710 2923 οῦκ
771 2854 993 2923 αἴσιον
1054 2848 1196 2923 οὔδ’
1260 2848 1520 2937 εύσεβες
1578 2846 1810 2940 ἐπάγει
1871 2858 1973 2941 τῷ
2036 2861 2353 2941 σωτηρίῳ
2407 2854 2685 2944 σώματι.
2769 2850 2943 2944 πρὸς

326 2948 597 3033 τούτοις
627 2972 900 3035 απασιν,
941 2948 1169 3039 ωσπερ
1197 2957 1346 3023 τῶν
1375 2958 1740 3040 προτέρων
1768 2946 1957 3040 αύτῷ
1988 2958 2585 3043 κατωρθωμένων,
2630 2958 2944 3044 πειρᾶται

227 3054 290 3107 25
325 3048 670 3121 δεικνύναι
710 3055 825 3121 καὶ
865 3048 949 3121 τὸ
999 3044 1075 3121 »ό
1119 3048 1348 3139 κύριος
1399 3054 1846 3135 ἐβασίλευσεν,
1904 3047 2345 3139 ἀγαλλιάσθω
2400 3048 2441 3141 ἡ
2490 3058 2613 3141 γῆι
2670 3056 2763 3135 εἰς
2813 3050 2945 3141 τὴν

321 3144 534 3239 σάρκα
581 3146 1060 3236 ἀναφέρεσθαι.
1145 3156 1326 3239 λέγει
1369 3156 1440 3221 δὲ
1484 3144 1711 3233 οὕτως
2979 3160 3045 3214 37

444 3253 589 3331 (Nr.
629 3256 737 3337 99)
790 3278 829 3320 ο
875 3254 1044 3339 γοῦν
1087 3249 1383 3337 καταβὰς
1425 3257 1538 3321 καὶ
1591 3250 1720 3340 τὴν
1774 3247 1987 3339 σάρκα
2031 3249 2142 3321 διὰ
2183 3254 2308 3339 τῆς
2350 3256 2705 3338 παρθένου
2745 3274 2946 3339 προσ-

445 3349 689 3435 λαβών
729 3346 1127 3438 κατεστάθη
1169 3348 1476 3435 βασιλεὺς
1519 3354 1630 3421 ἐπὶ
1672 3348 1805 3437 τὴν
1857 3354 2244 3439 ἐκκλησίαν,
2306 3345 2635 3437 δηλονότι
2686 3353 2797 3421 ἵνα
2840 3347 2949 3421 διὰ

445 3456 580 3520 τοῦ
626 3443 839 3537 λόγου
880 3442 920 3518 ό
965 3453 1088 3537 τῆς
1129 3456 1464 3534 βασιλείας
1515 3456 1665 3521 τῶν
1717 3444 2039 3537 οὐρανῶν
2095 3444 2438 3537 πρότερον
2489 3450 2952 3531 ἐκπεπτωκώς

224 3550 288 3606 30
447 3547 838 3636 ἄνθρωπος
887 3554 1218 3631 βασιλείας
1271 3566 1500 3637 τυχεῖν
1544 3555 1829 3639 δυνηθῇ.
1914 3554 2171 3620 τοῦτον
2223 3540 2349 3619 οῦν
2398 3546 2526 3619 τὸν
2570 3546 2953 3636 ἄνθρωπον

447 3645 582 3718 τὸν
610 3643 962 3736 πρότερον
991 3646 1101 3719 διὰ
1129 3650 1262 3738 τὴν
1288 3650 1648 3738 παρακοήν
1677 3653 1800 3736 τῆς
1829 3654 2165 3732 βασιλείας
2194 3643 2688 3719 ἐκπεπτωκότα
2714 3646 2955 3737 κύριον

445 3754 566 3817 καὶ
630 3745 803 3818 θεὸν
863 3752 1178 3835 γενέσθαι
1235 3744 1648 3837 βουλόμενος
1707 3742 1746 3818 ό
1807 3746 1974 3829 θεὸς
2045 3745 2308 3836 ταύτην
2371 3744 2499 3836 τὴν
2558 3750 2954 3838 οἰκονομίαν

449 3842 836 3934 εἰργάσατο.
919 3840 960 3917 ό
1014 3839 1140 3918 οὖν
1188 3843 1574 3935 ἆγιώτατος
1621 3844 1991 3936 προφήτης
2036 3852 2241 3919 Δαυὶδ
2290 3853 2742 3935 προφητικῶς
2782 3852 2956 3936 λέγει

450 3939 530 4015 »ὁ
575 3942 812 4032 κύριος
849 3948 1286 4031 ἐβασίλευσεν,
1329 3942 1770 4035 άγαλλιάσθω
1820 3946 1861 4036 ἡ
1904 3953 2046 4037 γῆι.

223 4046 287 4099 35
321 4046 434 4111 καὶ
477 4038 643 4131 μεθ’
689 4042 885 4135 ἕτερα
923 4049 1226 4134 ἐπιφέρει
2994 4064 3061 4119 38
3131 4103 3143 4113 .

449 4146 598 4229 (Nr.
637 4150 778 4230 100)
825 4139 908 4214 δι’
961 4172 1048 4233 ην
1093 4150 1345 4228 αἰτίαν,
1405 4142 1634 4235 ωσπερ
1678 4143 1892 4235 ἀρχὴν
1934 4152 2266 4233 βασιλείας
2311 4143 2447 4218 άπό
2493 4174 2682 4228 τινος
2725 4141 2959 4232 λαβόν-

449 4270 580 4325 τος
645 4240 901 4331 χρόνου
957 4248 1084 4314 τοῦ
1146 4239 1485 4315 δεσπότου
1545 4242 1740 4333 ἡμῶν
1803 4252 2135 4368 Χριστοῦ,
2210 4240 2251 4335 ἧ
2310 4251 2697 4335 προφητεία
2758 4254 2963 4333 φησὶν

457 4342 642 4431 »ἐγώ
689 4347 760 4413 δὲ
803 4339 1238 4432 κατεστάθην
1279 4342 1586 4429 βασιλεὺς
1628 4340 1742 4415 υπ’
1789 4341 2059 4417 αύτοῦι.

502 4522 587 4577 12
627 4520 828 4575 Matth.
865 4522 914 4589 3,
952 4523 1016 4576 17
1051 4551 1118 4561 -
1157 4522 1236 4578 25
1271 4522 1360 4577 Ρε.
1397 4524 1479 4587 96,
1519 4527 1547 4576 1
1585 4553 1652 4562 -
1689 4522 1767 4578 34
1804 4523 1892 4578 Pe.
1928 4525 2011 4591 96,
2050 4527 2078 4578 1
2116 4553 2181 4563 —
2218 4523 2296 4580 88
2331 4524 2419 4578 Ps.
2456 4526 2504 4593 2,
2540 4524 2573 4579 6

505 4674 578 4726 15
617 4664 724 4741 ὅτι]
762 4688 886 4726 zum
920 4671 1072 4727 citat
1107 4672 1384 4743 gehbrig‘?
1431 4674 1440 4740 Ι
1499 4674 1573 4730 18
1611 4670 1804 4743 αὐτὸν]
1839 4673 1876 4727 l.
1916 4672 2130 4743 αὖτὴνῖ)
2182 4676 2191 4744 Ι
2246 4675 2324 4731 83
2358 4680 2499 4743 γοῦν
2532 4692 2561 4727 r

2478 4759 2552 4811 4*
