3694 5582
623 481 701 544 70
1597 441 1614 456 ο
1795 475 2063 532 Eusebius

621 643 874 729 μηδένα
919 633 1277 727 ἀνώτερον
1318 644 1482 728 μηδὲ
1527 641 1772 712 ἑαυτοῦ
1823 643 2053 712 αἴτιον
2096 639 2335 728 ἕτερον
2376 633 2937 729 ἐπιγραφόμενος,
2981 643 3238 710 οἰκείαν

623 744 694 810 δὲ
736 745 848 809 καὶ
892 735 1192 826 ἄναρχον
1232 745 1344 811 καὶ
1389 735 1769 828 ἀγέννητον
1813 746 1938 829 τῆς
1977 745 2385 829 μοναρχικῆς
2429 741 2731 826 ἐξουσίας
2774 737 2907 827 τὴν
2934 735 3238 828 θεότητα

621 845 1030 928 κεκτημένος
1069 844 1184 911 καὶ
1227 846 1330 930 τῷ
1373 843 1500 929 υἱῷ
1547 845 1668 930 τῆς
1713 841 1960 911 ἑαυτοῦ
2002 835 2345 927 θεότητός
2396 866 2472 910 τε
2514 845 2629 910 καὶ
2672 843 2851 927 ζωῆς
2891 836 3237 924 μεταδούς,

623 933 661 1009 ὅ
693 935 774 1010 δι’
807 935 1021 1010 αὐτοῦ
1049 935 1136 1009 τὰ
1165 936 1524 1027 σύμπαντα
1551 934 2126 1027 ὑποστησάμενος,
2148 933 2186 1010 ὅ
2216 935 2673 1012 ἀποστέλλων
2700 934 2933 1021 αὐτόν,
2964 932 3003 1008 ὁ
3032 962 3237 1026 προσ-

553 1055 586 1108 5
621 1035 902 1109 τάττων
931 1033 1142 1126 αύτῷ,
1191 1033 1230 1108 ὅ
1259 1033 1763 1127 ἐντελλόμενος,
1795 1031 1836 1110 ὅ
1868 1035 2221 1124 διδάσκων,
2254 1033 2293 1110 ὅ
2322 1035 2555 1110 πάντα
2584 1034 2774 1128 αύτῷ
2805 1036 3235 1126 παραδιδούς,

622 1133 661 1209 ὁ
692 1134 1002 1225 δοξάζων
1033 1133 1265 1221 αὐτόν,
1296 1133 1336 1210 ὅ
1364 1133 1753 1225 ύπερυψῶν,
1785 1133 1824 1209 ὁ
1856 1135 2206 1226 ἀναδείξας
2232 1144 2505 1224 βασιλέα
2530 1143 2677 1228 τῶν
2706 1131 2912 1222 ὅλων,
2944 1131 2983 1207 ὁ
3010 1144 3238 1209 πᾶσαν

621 1233 810 1326 αύτῷ
855 1237 985 1328 τὴν
1025 1243 1243 1326 κρίσιν
1285 1234 1712 1324 παραδιδούς,
1756 1233 1795 1308 ὁ
1837 1243 1949 1308 καὶ
1979 1233 2150 1328 ἡμᾶς
2181 1233 2371 1328 αύτῷ
2402 1244 2769 1308 πείθεσθαι
2803 1234 3233 1325 βουλόμενος,

621 1332 659 1407 ὁ
705 1335 832 1408 τὸν
875 1340 952 1408 ἐν
995 1341 1178 1429 δεξιᾷ
1223 1342 1344 1426 τῆς
1383 1345 1963 1425 μεγαλοπρεπείας
1993 1333 2207 1409 αὐτοῦ
2246 1342 2553 1426 κατέχειν
2588 1332 2857 1425 θρόνον
2899 1334 3235 1424 ἐγκελευό-

617 1463 818 1526 μενος
859 1439 935 1507 ἐν
978 1443 1082 1525 τῷ
1125 1454 1567 1525 προσφωνεῖν
1610 1433 1800 1526 αύτῷ
1843 1445 1958 1508 καὶ
1999 1442 2221 1526 λέγειν
2289 1431 2551 1508 »κάθου
2607 1440 2681 1507 ἐκ
2742 1440 2982 1522 δεξιῶν
3039 1464 3232 1525 pov«,

517 1547 584 1602 10
619 1531 657 1608 ό
703 1535 813 1608 διὰ
859 1541 1076 1607 ταῦτα
1117 1532 1348 1607 πάντα
1391 1541 1504 1606 καὶ
1547 1531 1762 1608 αὐτοῦ
1801 1533 2131 1625 ύπάρχων
2174 1542 2301 1608 τοῦ
2326 1539 2478 1606 υἱοῦ
2504 1533 2688 1621 θεός,
2736 1527 2794 1624 ᾦ
2824 1531 3233 1624 πειθόμενος

619 1630 657 1707 ό
709 1634 1082 1725 μονογενὴς
1141 1629 1356 1708 αὐτοῦ
1413 1651 1570 1718 παῖς
1636 1640 2004 1709 »ἐκένωσεν
2048 1632 2321 1720 ἑαυτόν,
2388 1639 2841 1706 ἐταπείνωσεν
2902 1632 3233 1724 <ὲαυτόν>,

616 1733 892 1823 μορφὴν
933 1733 1182 1806 δούλου
1225 1731 1616 1823 ἀνείληφεν,
1675 1730 1981 1825 ύπῆκοος
2031 1741 2221 1825 μέχρι
2264 1731 2579 1807 θανάτου
2622 1739 2964 1823 γέγονενι,
3021 1727 3081 1824 ᾧ
3123 1740 3236 1805 καὶ

617 1832 1082 1922 προσεύχεται,
1143 1825 1202 1924 ᾧ
1257 1839 1432 1923 <καὶ>
1473 1832 1824 1906 κελεύοντι
1864 1843 2203 1918 πείθεται,
2266 1826 2325 1924 ᾧ
2368 1841 2479 1906 καὶ
2530 1829 2927 1922 εὐχαριστεῖ,
2990 1827 3074 1906 ὃν
3124 1840 3234 1905 καὶ

623 1929 876 2021 »μόνον
937 1929 1274 2022 ἀληθινὸν
1326 1930 1531 2004 osam
1609 1930 1913 2024 ἡγεῖσθαι
1976 1930 2147 2025 ἡμᾶς
2206 1931 2528 2019 διδάσκει,
2590 1930 2867 2022 μείζονά
2900 1961 3001 2003 ·τε
3062 1933 3231 2005 εἶναι

517 2048 582 2100 15
617 2033 864 2104 ἑαυτοῦ
906 2027 1240 2122 ὁμολογεῖ,
1287 2026 1371 2104 ὃν
1413 2037 1523 2104 ἐπὶ
1565 2038 1730 2105 πᾶσι
1773 2032 2051 2118 τούτοις
2092 2041 2204 2104 καὶ
2245 2031 2418 2106 θεὸν
2460 2032 2708 2104 ἑαυτοῦ
2750 2033 2921 2105 εἶναι
2962 2029 3233 2116 πάντας

617 2127 788 2222 ἡμᾶς
859 2135 1103 2202 εἰδέναι
1174 2130 1507 2217 βούλεται.
1593 2127 1676 2204 ὃν
1745 2129 1935 2204 οὕτω
2009 2129 2382 2221 δοξάζοντα
2452 2130 2581 2203 τὸν
2650 2133 2896 2204 ἑαυτοῦ
2963 2139 3230 2219 πατέρα

617 2227 988 2319 ἀμοιβαίως
1032 2228 1499 2318 ἀντιδοξάζων
1543 2227 1582 2303 ὅ
1633 2232 1862 2324 πατὴρ
1914 2241 2025 2307 καὶ
2084 2231 2324 2322 κύριον
2383 2239 2496 2303 καὶ
2558 2235 2835 2321 σωτῆρα
2894 2237 3007 2303 καὶ
3056 2231 3231 2304 θεὸν

617 2337 765 2402 τῶν
808 2325 1002 2403 ὅλων
1043 2337 1154 2402 καὶ
1198 2329 1594 2420 σύνθρονον
1644 2338 1766 2421 τῆς
1817 2328 2035 2406 αύτοῦ
2076 2340 2413 2420 βασιλείας
2456 2327 2808 2418 ἀνέδειξεν.
2892 2327 2936 2400 ἃ
2988 2330 3071 2420 δὴ
3114 2359 3229 2402 πε·

613 2435 1019 2520 παιδευμένη
1065 2425 1106 2520 ἦ
1149 2432 1464 2518 ἐκκλησία
1506 2436 1634 2503 τοῦ
1676 2439 1849 2504 θεοῦ
1876 2433 2120 2522 ἑαυτῆς
2162 2438 2286 2522 μὲν
2324 2439 2432 2503 καὶ
2480 2428 2655 2503 θεὸν
2694 2436 2809 2502 καὶ
2851 2430 3093 2517 κύριον
3118 2437 3230 2502 καὶ

515 2541 584 2596 20
619 2535 893 2618 σωτῆρα
937 2535 1063 2599 τοῦ
1106 2525 1171 2600 δ’
1217 2533 1329 2600 ἐπὶ
1369 2527 1662 2602 πάντων
1703 2539 1872 2604 θεοῦ
1912 2531 2064 2604 υἱὸν
2102 2537 2439 2623 μονογενῆ
2482 2527 2697 2602 αὐτὸν
2726 2529 3083 2620 γινώσκειν
3118 2535 3229 2600 καὶ

619 2626 861 2701 ούδένα
901 2635 1024 2718 μὲν
1069 2627 1282 2700 ἄλλον
1333 2638 1482 2702 τῶν
1535 2639 1846 2720 γενητῶν
1899 2629 2329 2722 ἀναγορεύειν
2386 2629 2558 2704 θεὸν
2614 2626 2817 2718 ἀξιοῖ,
2877 2627 3096 2718 μόνον
3155 2635 3227 2700 δὲ

617 2734 872 2801 τοῦτον
914 2730 1096 2801 οἶδεν
1139 2725 1334 2815 θεόν,
1381 2723 1464 2803 ὃν
1505 2727 1721 2821 μόνον
1764 2725 1802 2803 ὁ
1846 2731 2075 2823 πατὴρ
2120 2737 2191 2819 ἐξ
2232 2731 2480 2805 ἑαυτοῦ
2522 2733 2777 2821 ἐγέννα,
2824 2727 3055 2819 ῶσπερ
3100 2721 3224 2801 οὖν

617 2824 824 2911 αὐτὸς
853 2828 963 2899 διὰ
991 2836 1413 2918 Σολομῶνος
1453 2838 1748 2921 παρίστη
1791 2838 2013 2921 λέγων
2062 2832 2234 2922 »πρὸ
2280 2835 2407 2903 τοῦ
2450 2824 2575 2921 ὅρη
2620 2830 3044 2919 ἑδρασθῆναι,
3088 2827 3225 2915 πρὸ

615 2933 686 2999 δὲ
737 2925 1028 3000 πάντων
1081 2936 1357 3015 βουνῶν
1415 2936 1620 3022 γεννᾷ
1667 2959 1815 3020 μει,
1880 2922 2018 3002 ῶδέ
2072 2958 2167 3021 πη
2214 2924 2339 3020 ὄρη
2382 2936 2495 3001 καὶ
2539 2929 2826 3016 βουνούς
2869 2928 2993 3012 τὰς
3036 2936 3225 3010 θείας

513 3046 578 3101 26
613 3035 725 3098 καὶ
765 3023 1254 3117 ύπερκοσμίους
1295 3026 1605 3118 δυνάμεις
1647 3026 2133 3120 αἰνιττόμενος.

780 3134 788 3207 Ι
844 3134 925 3201 12
985 3134 1042 3198 εἰ
1100 3133 1172 3199 δὲ
1224 3126 1307 3217 δὴ
1349 3125 1860 3218 περιεργάζοιτό
1913 3156 2018 3213 τις
2057 3134 2168 3202 καὶ
2210 3134 2363 3211 πῶς
2406 3126 2495 3201 ἂν
2535 3124 2917 3218 γεννήσειεν
2960 3123 2999 3199 ὅ
3042 3124 3223 3212 θεός,
3268 3137 3342 3194 71
3381 3132 3467 3201 ὼς
3500 3130 3609 3209 ἄρ·

611 3234 763 3308 πῶς
805 3222 870 3298 δ’
915 3228 1102 3299 ἔσται
1142 3226 1371 3317 πατὴρ
1415 3223 1518 3316 (ὁ)
1561 3232 1873 3300 ἐπέκεινα
1922 3237 2071 3300 τῶν
2112 3221 2319 3313 ὅλων,
2364 3227 2449 3300 τὸ
2494 3225 2839 3317 τολμηρὸν
2891 3232 3021 3300 τοῦ
3062 3226 3225 3299 πύσ-
3262 3240 3437 3293 (zm-oc
3506 3219 3609 3276 Εὖ·
3688 3284 3690 3294 .

611 3354 824 3415 ματος
867 3323 1298 3417 κατασιγάσει
1341 3322 1378 3398 ὅ
1425 3324 1644 3416 φήσας
1692 3325 2073 3415 »βαθύτερά
2124 3351 2249 3400 σου
2288 3327 2377 3418 μὴ
2424 3325 2637 3417 ζήτει,
2678 3332 2791 3399 καὶ
2831 3324 3227 3417 ὑψηλότερα

3206 3322 3225 3348 0
3287 3296 3395 3344 τοῦ
3432 3290 3465 3357 ὴ
3501 3286 3575 3344 ἐκ

3260 3358 3615 3427 τοῦπατρὸς
3686 3370 3688 3373 ⁴

611 3448 736 3497 σου
774 3426 864 3517 μὴ
908 3431 1188 3515 ἐξέταζε.
1273 3425 1316 3498 ἃ
1357 3424 1742 3518 προσετάγη
1788 3450 1914 3513 σοι,
1960 3433 2177 3499 ταῦτα
2220 3432 2527 3499 διανοοῦ·
2592 3424 2675 3497 ού
2716 3424 2843 3519 γάρ
2888 3432 3074 3499 ἐστίν
3118 3451 3225 3499 σοι
3294 3423 3581 3495 γέννησις.
3682 3528 3684 3531 ⁴

507 3541 575 3597 30
606 3533 794 3615 χρεία
837 3534 985 3599 τῶν
1028 3534 1415 3617 κρυπτῶω.
1499 3532 1610 3598 καὶ
1661 3522 1699 3598 ὁ
1744 3534 2017 3611 Παῦλος
2068 3531 2141 3597 δὲ
2200 3527 2415 3598 εἰπῶν
2481 3518 2577 3597 »ῶ
2640 3522 2857 3611 βάθος
2915 3525 3227 3599 πλούτου

607 3632 718 3696 καὶ
762 3634 1002 3713 σοφίας
1044 3634 1156 3697 καὶ
1200 3628 1513 3715 γνώσεως
1557 3632 1750 3697 θεοῦ·
1837 3622 1935 3711 ῶς
1988 3620 2477 3715 ἀνεξερεύνητα
2528 3625 2617 3697 τὰ
2671 3632 2962 3715 κρίματα
3012 3624 3225 3698 αύτοῦ

606 3730 716 3795 καὶ
762 3722 1252 3814 ἀνεξιχνίαστοι
1313 3726 1380 3796 αἱ
1433 3720 1578 3795 ὁδοὶ
1635 3722 1881 3796 αύτοῦ«
1948 3722 2077 3796 τὸν
2128 3731 2507 3816 περαιτέρω
2564 3744 2811 3815 χωρεῖν
2854 3733 3221 3815 τολμῶντα

605 3823 694 3913 μὴ
741 3821 1136 3912 ἀνεφίκτοις
1179 3828 1530 3912 ἐπιχειρεῖν
1570 3830 1895 3896 πειθέτω.
1980 3820 2024 3913 ἢ
2070 3822 2711 3914 λεγέτῶπρότερον
2754 3822 2988 3910 αὐτός,
3050 3822 3094 3895 ἃ
3136 3824 3221 3912 δή

780 3994 818 4049 4
871 3994 994 4048 Joh.
1030 3996 1090 4062 6,
1127 3996 1210 4049 57.
1279 3994 1456 4049 Max-k.
1492 3997 1548 4063 9,
1584 3996 1650 4051 37
1705 3994 1830 4051 Par.
1870 4012 1922 4052 u.
1958 4000 2005 4049 ὃ.
2062 4024 2125 4033 -
2180 3994 2217 4049 5
2272 3994 2395 4051 Joh.
2436 3996 2514 4059 14,
2551 3997 2615 4053 31
2670 4024 2737 4035 —
2790 3996 2913 4050 Joh.
2948 3996 2998 4063 8,
3034 3996 3102 4053 28
3154 4024 3221 4034 -

603 4094 802 4151 Matth.
841 4098 921 4159 11,
955 4096 1040 4149 27.
1107 4094 1241 4148 Luk.
1279 4097 1360 4161 10,
1396 4096 1464 4151 22
1514 4126 1582 4135 —-
1633 4096 1673 4152 fl
1709 4096 1830 4153 Joh.
1870 4098 1951 4162 12,
1988 4097 2056 4153 28
2105 4126 2173 4135 —-
2235 4096 2379 4152 Phil.
2414 4098 2462 4163 2,
2497 4098 2532 4155 9
2581 4126 2647 4137 -
2700 4096 2823 4152 Joh.
2860 4100 2909 4164 5,
2943 4097 3010 4151 22
3060 4124 3127 4135 -
3186 4096 3215 4152 7

603 4195 779 4252 Mark.
817 4198 864 4259 9,
903 4198 931 4249 7
978 4196 1102 4251 Par.
1137 4226 1203 4235 -
1238 4198 1275 4251 9
1313 4196 1400 4249 Ps.
1437 4199 1554 4263 109,
1591 4202 1618 4251 1
1659 4226 1723 4237 -
1761 4199 1835 4253 11
1875 4198 2019 4253 Phil.
2056 4200 2105 4261 2,
2142 4200 2189 4252 7.
2224 4199 2261 4254 8
2303 4227 2371 4237 —
2418 4198 2495 4253 18
2528 4198 2705 4253 Mark.
2744 4201 2825 4266 14,
2860 4196 2966 4254 351·
2993 4198 3119 4255 Par.
3150 4226 3219 4239 —

600 4298 725 4353 Joh.
763 4300 926 4365 11‚41
965 4329 1028 4338 —
1067 4297 1144 4353 14
1177 4297 1299 4353 Joh.
1329 4300 1462 4361 17‚3
1497 4328 1563 4337 —
1603 4298 1723 4354 141
1753 4298 2065 4361 Joh.14,28
2098 4328 2165 4339 —
2206 4299 2323 4355 151
2353 4298 2473 4354 Joh.
2494 4300 2577 4368 20,
2600 4302 2663 4355 17
2686 4330 2755 4341 —
2795 4299 2865 4356 17
2905 4298 3219 4364 Joh.13‚22

601 4428 666 4438 —
703 4398 782 4454 τε
818 4398 976 4455 Prov.
1005 4400 1054 4463 8,
1073 4400 1140 4454 25
1173 4430 1240 4439 —
1279 4400 1356 4455 28
1394 4400 1494 4455 sir.
1529 4402 1577 4465 3,
1613 4402 1694 4454 21.
1738 4401 1806 4455 22
1839 4430 1907 4440 —
1945 4401 2023 4456 ao
2058 4400 2214 4456 Rom.
2252 4404 2333 4469 11,
2370 4402 2437 4456 33

772 4549 810 4604 4
844 4548 903 4607 δὲ
939 4547 1114 4606 αὐτοῦ
1150 4552 1214 4617 V,
1253 4568 1387 4605 corr.
1423 4550 1497 4605 Kl
1559 4550 1569 4617 1
1639 4551 1708 4605 11
1749 4544 1956 4606 ἑαυτὸν
1989 4570 2043 4604 ιιι
2108 4554 2117 4619 l
2186 4552 2261 4609 13
2296 4554 2397 4608 καὶ
2430 4570 2485 4605 m
2537 4555 2547 4620 Ι
2602 4552 2676 4608 27
2720 4550 2753 4609 ὁ
2788 4570 2828 4622 g
2889 4553 2900 4620 Ι
2964 4552 3043 4609 88
3097 4571 3213 4609 πει·

599 4648 749 4706 θέτω
787 4648 820 4719 ἢ
854 4650 1064 4721 λεγέτω
1102 4652 1187 4707 Ga
1223 4650 1254 4721 ἢ
1288 4650 1534 4709 πειθέτω
1569 4650 1782 4721 λεγέτω
1821 4651 2026 4722 (λέγων
2060 4654 2154 4721 V2)
2194 4653 2243 4707 V

3372 3494 3487 3561 εει
