3694 5582
727 513 845 572 154
1906 502 2172 558 Eusebius

724 672 1179 755 συναγένητος
1223 659 1327 735 ὢν
1372 674 1474 756 τῷ
1521 673 1666 755 θεῷ
1715 667 1786 736 ἓν
1827 695 1901 737 τε
1946 673 2057 737 καὶ
2102 662 2361 738 ταύτὸν
2402 660 2729 752 υπάρχων
2772 659 2993 750 αυτῷ,
3040 662 3336 731 ἐκτίσθαι

727 763 975 837 ἑαυτὸν
1021 769 1242 856 έλεγεν
1284 774 1396 837 καὶ
1438 771 1916 855 γεγεννῆσθαι;
1959 769 2032 838 ἓν
2075 764 2201 856 γὰρ
2244 775 2356 838 καὶ
2398 759 2752 854 (vathby),
2800 759 2895 845 ῶς
2940 763 3143 850 ἔφην,
3188 755 3336 830 άπε-

726 871 961 955 δείχθη
1001 863 1383 953 πρόσωπον
1424 865 1507 937 τὸ
1552 863 1780 937 πάντα
1825 865 2075 980 διεξιὸν
2128 865 2214 937 τὰ
2274 871 2699 953 προκείμενα.
2785 868 2844 933 εἰ
2903 866 2974 930 δὲ
3032 867 3145 930 καὶ
3206 854 3341 942 ὀψέ
3368 866 3427 918 47

725 991 898 1035 ποτε
961 960 1396 1056 ωμολόγησεν
1456 971 1530 1037 ἐκ
1589 945 2005 1054 προσώπου
2032 972 2251 1036 ταῦτα
2310 971 2618 1055 εἰρῆσθαι
2679 967 2805 1034 τοῦ
2875 966 2952 1032 ἐν
3021 965 3125 1049 τῷ
3197 965 3335 1048 θεῷ

657 1077 690 1130 5
727 1059 954 1151 λόγου,
998 1071 1338 1150 βεβίασται
1383 1063 1513 1152 ἄρα
1556 1062 1744 1154 αὐτῷ
1804 1064 1891 1135 τὰ
1936 1072 2059 1156 τῆς
2103 1067 2193 1148 είς
2235 1064 2366 1154 τὴν
2416 1061 2631 1154 σάρκα
2676 1067 2803 1133 τοῦ
2842 1066 3150 1149 σωτῆρος
3184 1055 3339 1130 άπο-

726 1160 1000 1247 δόσεως,
1069 1169 1078 1254 Ι
1143 1170 1253 1235 καὶ
1298 1160 1528 1235 πάντα
1569 1160 1852 1249 ἀθρόως
1896 1167 2118 1238 ἐκεῖνα
2164 1167 2347 1237 εωλα
2387 1171 2499 1234 καὶ
2540 1160 2793 1252 μάταια
2837 1165 3011 1248 (καὶ)
3055 1157 3338 1247 περιττὰ
3375 1165 3479 1222 164

725 1261 1148 1348 πεφώραται.
1234 1267 1291 1333 εἰ
1350 1271 1422 1335 δὲ
1477 1259 1518 1352 ἧ
1563 1264 1728 1353 σὰρξ
1771 1265 1859 1351 ἠν
1918 1271 2047 1336 τοῦ
2108 1271 2419 1356 σωτῆρος
2481 1260 2522 1353 ἦ
2582 1269 2873 1350 λέγουσα
2932 1257 3013 1330 τὸ
3083 1257 3340 1345 »κύριος

725 1366 986 1433 ἔκτισέν
1027 1391 1106 1450 με
1153 1357 1363 1452 ἀρχὴν
1407 1356 1594 1433 ὁδῶν
1638 1361 1854 1437 αυτοῦ
1900 1367 2061 1447 εἰς’
2029 1393 2189 1453 εργα
2220 1361 2466 1436 αὐτοῦ(
2502 1360 2677 1433 κατὰ
2708 1360 2837 1445 τὴν
2882 1357 3341 1432 ἀποδοθεῖσαν

727 1458 916 1552 αυτῷ
963 1464 1345 1552 ἑρμηνείαν,
1407 1470 1518 1533 καὶ
1572 1465 1630 1533 εἰ
1673 1459 1714 1553 ἦ
1758 1463 1925 1550 σὰρξ
1990 1463 2161 1553 »πρὸ
2208 1469 2335 1536 τοῦ
2394 1468 2681 1546 αἰῶνος(
2748 1458 3176 1547 ἑθεμελιώθη
3236 1463 3341 1527 καὶ

621 1576 690 1630 10
730 1565 840 1632 »ἐν
883 1557 1052 1650 ἀρχῇ
1111 1561 1246 1649 πρὸ
1309 1567 1437 1633 τοῦ
1496 1561 1627 1651 τὴν
1687 1570 1814 1652 γῆν
1874 1571 2185 1654 ποιῆσαι(
2252 1568 2405 1653 (γῆν
2468 1560 2723 1650 δηλαδὴ
2786 1559 2917 1650 τὴν
2979 1555 3195 1646 σάρκα
3254 1553 3343 1636 ῶς

724 1658 914 1750 αὐτῷ
961 1658 1177 1732 ἐδόκει
1220 1662 1329 1733 διὰ
1373 1660 1457 1732 τὸ
1503 1667 1813 1751 εἰρῆσθαι
1865 1667 1981 1752 »γῆ
2030 1665 2093 1733 εἱ
2127 1669 2239 1734 καὶ
2283 1668 2375 1743 εἰς
2419 1668 2549 1752 γῆν
2590 1667 2703 1734 81*
2750 1655 3172 1746 ἇπελεύσῃι),
3236 1663 3341 1726 καὶ

725 1765 910 1848 εἴπερ
958 1756 999 1849 ἦ
1043 1759 1208 1848 σὰρξ
1251 1753 1338 1848 ἦν
1380 1757 1421 1849 ἦ
1467 1767 1750 1849 λέγουσα
1801 1761 1972 1847 »πρὸ
2006 1769 2133 1833 τοῦ
2176 1760 2299 1844 τὰς
2344 1757 2671 1845 ἀβύσσους
2712 1763 3007 1847 ποιῆσαι,
3052 1757 3191 1844 πρὸ
3224 1761 3343 1827 τοῦ

723 1868 1100 1949 προελθεῖν
1144 1859 1265 1942 τὰς
1307 1861 1526 1950 πηγὰς
1568 1868 1717 1932 τῶν
1757 1856 2055 1945 ὖδάτων,
2102 1859 2237 1949 πρὸ
2283 1866 2411 1932 τοῦ
2453 1854 2577 1949 ὅρη
2626 1861 3051 1949 ἑδρασθῆναι,
3098 1856 3234 1946 πρὸ
3277 1861 3342 1926 δὲ

723 1958 1015 2030 πάντων
1056 1965 1330 2040 βουνῶν
1371 1965 1574 2050 γεννᾷ
1633 1987 1746 2050 με(
1815 1960 1951 2045 (διὰ
2011 1959 2093 2031 τὸ
2154 1965 2776 2049 προγεγεννημένην
2836 1959 3071 2046 (εἶναι)
3132 1953 3344 2043 αὐτὴν

623 2075 689 2128 15
726 2065 848 2149 τῆς
892 2064 1039 2128 τῶν
1083 2053 1495 2131 ἀποστόλων
1553 2063 1836 2150 ἐκλογῆς
1899 2056 1996 2142 ώς
2054 2057 2274 2132 ἐδόκει
2330 2066 2433 2150 τῷ
2479 2056 2918 2148 σοφωτάτῳ),
2984 2057 3217 2128 ἕπεται
3276 2058 3345 2124 ἐκ

725 2156 1105 2244 προσώπου
1147 2165 1269 2248 τῆς
1312 2157 1560 2244 σαρκὸς
1603 2165 1917 2248 λέγεσθαι
1958 2167 2069 2230 καὶ
2102 2157 2181 2230 τὸ
2218 2155 2455 2248 »ἡνίκα
2484 2155 2844 2249 ἦτοίμαζεν
2874 2154 3001 2228 τὸν
3028 2151 3340 2240 οὐρανόν,

724 2256 1172 2349 συμπαρήμην
1215 2253 1462 2347 αὕτῶε.
1549 2255 1696 2331 ἀλλ’
1744 2287 1869 2330 ουκ
1912 2258 2000 2329 ἄν
2044 2288 2148 2342 τις
2190 2259 2279 2348 μὴ
2336 2265 2483 2330 τῶν
2526 2264 2803 2346 φρενῶν
2845 2256 3085 2338 ἐκστὰς
3130 2253 3343 2340 ταύτῃ
3374 2255 3437 2308 48

724 2362 898 2428 ποτὲ
940 2369 1270 2429 συνθοῖτο
1317 2365 1402 2447 τῇ
1448 2359 1781 2450 ἑρμηνείᾳ·
1825 2355 2357 2447 άντιφθέγξεται
2400 2357 2527 2446 γὰρ
2573 2353 2761 2446 αυτῷ
2805 2362 2969 2445 μέγα
3014 2352 3264 2444 βοήσας
3306 2349 3343 2424 ὅ
3394 2367 3407 2372 ”

727 2463 850 2545 τῆς
894 2451 1219 2576 αληθείας
1228 2453 1482 2546 ’λόγος
1529 2458 1905 2541 ἐπιδεικνὺς
1948 2467 2053 2542 τίς
2094 2487 2265 2530 ποτε
2310 2449 2397 2548 ἦν
2439 2453 2479 2528 o‘
2523 2463 2741 2529 ταῦτα
2785 2454 3071 2542 διεξιών.
3146 2450 3245 2537 ῶς
3288 2451 3342 2525 δ’
3374 2455 3438 2510 49

624 2573 692 2628 20
728 2559 852 2626 οὐν
897 2548 1204 2645 ἕτεροςς
1169 2585 1254 2645 ην
1299 2551 1337 2628 ό
1383 2559 1457 2627 ἐκ
1501 2565 1626 2628 τοῦ
1669 2564 1839 2628 θεοῦ
1882 2563 2364 2648 γεγεννημένος
2405 2555 2777 2646 μονογενὴς
2828 2553 3004 2640 υἱός,
3050 2561 3195 2642 ζῶν
3236 2559 3369 2625 καὶ·

724 2650 1063 2740 ὖφεστώς,
1126 2647 1229 2726 ὢν
1288 2663 1400 2726 καὶ
1459 2655 1596 2746 πρὸ
1643 2664 1765 2747 τῆς
1809 2664 1957 2728 τῶν
2004 2664 2318 2747 γενητῶν
2374 2651 2711 2728 απάντων
2768 2650 3175 2736 συστάσεως,
3238 2647 3349 2724 οδε

722 2761 1130 2843 παρίστησιν
1174 2750 1380 2839 αὐτὸς
1424 2750 1508 2825 δι
1564 2747 1666 2826 ῶν
1727 2758 1877 2848 ἑξῆς
1936 2755 2167 2848 ἐπάγει
2231 2764 2447 2845 λέγων
2512 2750 2747 2847 »ἡνίκα
2804 2750 3169 2845 ἦτοίμαζεν
3229 2751 3350 2825 τὸν

723 2849 1035 2939 ουρανόν,
1080 2853 1527 2945 συμπαρήμην
1555 2854 1810 2946 αὐτῶν
1866 2866 2078 2948 συνῆν
2120 2856 2246 2947 γὰρ
2290 2862 2400 2928 καὶ
2438 2862 2666 2946 παρῆν
2711 2851 2967 2944 <αὖ>τῷ
3013 2860 3183 2942 πρὶν
3238 2860 3347 2925 καὶ

719 2959 1032 3039 γενέσθαι
1075 2952 1202 3025 τὸν
1248 2950 1544 3042 ουρανόν
1594 2963 1706 3026 καὶ
1767 2956 1855 3028 τὰ
1916 2962 2225 3029 ἐπέκεινα
2286 2953 2585 3046 ουρανοῦ
2646 2951 2731 3025 τά
2792 2982 2867 3024 τε
2926 2958 3002 3024 ἐν
3068 2950 3341 3043 ουρανῷ

617 3070 684 3127 25
719 3049 964 3123 πάντα.
1048 3059 1260 3124 τοῦτο
1306 3059 1472 3143 γοῦν
1513 3051 1832 3142 ᾐνίττετο
1895 3056 2003 3129 διὰ
2063 3062 2192 3128 τοῦ
2254 3054 2465 3143 φάναι
2521 3052 2757 3144 »ἡνίκα
2811 3050 3176 3144 ἦτοίμαςεν
3218 3052 3343 3126 τὸν

721 3147 1043 3241 οὐρανόν,
1104 3150 1550 3243 συμπαρήμην
1594 3151 1841 3244 αὖτῷι.
1928 3164 2079 3239 πῶς
2124 3161 2194 3225 δὲ
2236 3153 2599 3244 ἦτοίμαζεν
2642 3150 2681 3225 ὁ
2727 3153 2894 3235 θεὸς
2947 3148 2991 3241 ἢ
3035 3163 3202 3243 πρὶν
3247 3183 3341 3242 γε·
3376 3160 3438 3213 50

719 3256 954 3321 νέσθαι
999 3247 1214 3323 αὐτὸν
1269 3260 1676 3341 νομοθετῶν
1717 3261 1828 3326 καὶ
1874 3253 2409 3343 διατυπούμενος
2470 3248 2553 3325 ὃν
2604 3256 2736 3325 ἔδει
2798 3248 3064 3341 τρόπον
3126 3249 3345 3325 αὐτὸν

718 3357 1070 3441 συστῆναι,
1100 3380 1138 3421 ο
1167 3358 1290 3442 μὲν
1321 3344 1446 3424 οὖν
1475 3353 1704 3444 πατὴρ
1733 3354 2057 3425 διετύπου
2084 3364 2193 3426 καὶ
2225 3351 2602 3446 ἧτοίμαζεν,
2639 3348 3193 3441 διανοουμενοςο
3154 3380 3344 3436 οπως

715 3454 916 3539 ἐχρῆν
935 3458 1258 3541 συστῆναι
1277 3452 1404 3524 τὸν
1422 3459 1762 3524 τοσοῦτον
1781 3450 2092 3542 ουρανόν,
2109 3477 2273 3525 οσου
2294 3482 2367 3525 τε
2379 3460 2705 3542 μεγέθους
2725 3455 2942 3523 ἐδεῖτο
2962 3458 3075 3524 καὶ
3094 3448 3345 3525 ὄποίου

613 3572 682 3626 30
716 3546 1052 3638 σχήματος
1081 3558 1356 3639 μέτρων
1385 3580 1461 3622 τε
1489 3559 1600 3622 καὶ
1630 3558 1861 3642 μερῶν
1891 3547 2187 3637 ὁπόσων,
2220 3560 2368 3624 τῶν
2395 3549 2799 3639 μελλόντων
2829 3556 2989 3623 εἴσω
3022 3582 3097 3624 τε
3130 3550 3346 3625 αὐτοῦ

713 3656 1140 3737 περιέχεσθαι
1166 3648 1382 3739 χάριν,
1427 3658 1538 3723 καὶ
1581 3658 1728 3722 τῶν
1771 3650 1969 3735 ἐκτὸς
2008 3654 2279 3724 ἔσεσθαι
2323 3648 2553 3737 αὐτοῦ,
2600 3658 2749 3723 τῶν
2779 3680 2853 3723 τε
2884 3654 2961 3722 ἐν
2992 3648 3182 3742 αυτῷ
3216 3651 3346 3723 τὸν

717 3746 972 3837 δρόμον
999 3757 1478 3839 ποιησομένων
1509 3746 1802 3821 ἕνεκα·“
1763 3782 1800 3821 0
1833 3757 1905 3821 δὲ
1936 3772 2081 3833 τοῖς
2112 3758 2239 3824 τοῦ
2266 3750 2529 3840 πατρὸς
2558 3764 2902 3842 λογισμοῖς
2931 3756 3344 3839 ἐνατενίζων

716 3856 828 3921 καὶ
844 3846 1056 3936 μόνος
1075 3848 1481 3920 ἐποπτεύων
1501 3850 1586 3922 τὰ
1607 3854 1680 3921 ἐν
1700 3846 1887 3939 αὐτῷ
1918 3849 2119 3940 βάθη,
2144 3848 2226 3921 δι’
2248 3854 2469 3941 ἔργων
2496 3850 2729 3941 ἐχώρει
2760 3869 2905 3935 τοῖς
2934 3858 3064 3924 τοῦ
3078 3850 3343 3941 πατρὸς

889 4018 922 4074 1
963 4020 1123 4073 Prov.
1159 4018 1209 4077 8,
1245 4019 1366 4073 221ἳ
1394 4050 1460 4058 -
1499 4022 1534 4077 2
1572 4020 1682 4088 vgl.
1721 4020 1770 4075 S.
1810 4022 1926 4085 138,
1962 4019 2085 4076 31ff
2124 4052 2190 4060 —
2241 4022 2269 4077 7
2314 4021 2473 4076 Prov.
2511 4023 2560 4087 8,
2598 4022 2664 4075 22
2715 4052 2782 4060 -
2837 4022 2872 4078 8
2910 4022 3021 4091 vgl.
3056 4021 3151 4076 Nr.
3188 4023 3237 4077 9.
3277 4024 3341 4077 10

714 4150 781 4160 -
817 4120 852 4174 θ
889 4120 1049 4174 Prov.
1086 4120 1135 4184 8,
1155 4121 1222 4174 23
1257 4150 1323 4160 ——-
1367 4122 1436 4177 11
1475 4119 1699 4193 vgl.Nr.
1721 4123 1786 4177 18
1819 4152 1887 4161 -—
1924 4122 2058 4178 Gen.
2094 4124 2143 4187 3,
2182 4124 2246 4178 19
2281 4151 2347 4160 —
2386 4122 2463 4178 12
2501 4123 2661 4178 Prov.
2686 4126 2735 4189 8,
2761 4125 2842 4179 24.
2868 4125 2935 4179 25
2970 4152 3037 4162 —
3076 4124 3196 4179 141³
3228 4122 3339 4193 vgl.

717 4220 808 4275 Nr.
845 4223 928 4277 20.
965 4222 1046 4277 21.
1085 4222 1152 4275 22
1185 4252 1252 4260 —
1293 4222 1366 4279 16
1404 4222 1565 4278 Prov.
1601 4226 1649 4278 8.
1687 4226 1751 4277 27
1790 4254 1855 4263 -
1896 4224 1975 4279 22
2013 4223 2173 4278 Prov.
2208 4226 2259 4287 8,
2294 4225 2360 4278 27
2397 4254 2462 4263 —
2500 4224 2577 4279 25
2617 4224 2774 4280 Ρτον.
2810 4224 2860 4289 8,
2896 4225 2962 4278 27

888 4371 924 4426 2
961 4374 1086 4427 καὶ2
1119 4387 1183 4433 <
1221 4391 1278 4426 m
1341 4374 1350 4439 Ι
1413 4371 1623 4429 ταύτὸν
1657 4374 1730 4429 Kl
1769 4374 1878 4445 vgl.
1915 4375 1966 4429 S.
2005 4374 2118 4439 153,
2154 4376 2222 4429 28
2284 4376 2293 4442 Ι
2357 4375 2395 4430 6
2437 4376 2561 4430 καὶ3
2594 4374 2686 4430 nb.
2720 4374 2774 4429 d.
2811 4376 2865 4429 Z.
2902 4373 2980 4428 V²
3025 4376 3034 4443 Ι
3086 4375 3165 4431 14
3202 4394 3339 4447 προ·

715 4472 1130 4546 γεγεννημένην
1167 4466 1313 4530 εἶναι
1347 4474 1426 4526 V²
1458 4474 1990 4549 προγεγεννημένον
2026 4476 2107 4529 V*
2174 4476 2181 4542 Ι
2250 4476 2320 4531 17
2370 4476 2449 4545 μὴ
2486 4476 2575 4529 nb.
2613 4476 2663 4530 d.
2700 4476 2753 4530 Z.
2790 4474 2865 4529 V¹
2928 4478 2939 4545 Ι
3004 4477 3081 4532 21
3130 4470 3227 4533 ὅδε
3266 4476 3339 4531 m

715 4572 748 4632 ὃ
784 4572 848 4646 δὴ
885 4576 934 4630 V
983 4578 990 4644 Ι
1047 4576 1126 4631 28
1179 4572 1330 4647 αὐτῷ
1367 4576 1461 4630 Mo
1523 4578 1534 4645 Ι
1601 4578 1678 4632 29
1734 4572 1798 4641 ὃς
1850 4570 1981 4633 οὔτε
2018 4577 2093 4642 V,
2146 4593 2281 4631 corr.
2326 4576 2400 4631 1ss
2463 4580 2473 4646 Ι
2538 4577 2617 4633 82
2654 4577 3057 4647 ποιησαμένων
3092 4576 3158 4646 V,
3197 4596 3335 4634 oorr.

711 4677 818 4731 We
949 4673 1138 4735 εἵνεκα
1177 4678 1224 4729 V
