3694 5582
686 511 802 574 130
1860 496 2129 552 Eusebius

681 673 794 738 καὶ
856 661 1020 746 θεὸς
1079 669 1192 734 καὶ
1243 660 1474 750 κύριος
1529 655 1780 750 ὁμοίως
1833 667 1937 752 τῷ
1992 667 2203 749 πατρὶ
2246 667 2361 731 καὶ
2403 654 2611 741 αὐτὸς
2654 659 2765 732 διὰ
2806 658 3027 751 πάσης
3070 659 3311 752 άνηγό-

683 793 914 856 ρευται
957 769 1082 853 τῆς
1122 759 1599 834 θεοπνεύστου
1642 767 1924 851 γραφῆς.

847 870 928 940 21
991 869 1204 935 τοῦτο
1267 867 1343 933 δέ
1393 865 1582 933 ἐστιν
1637 866 1749 932 καὶ
1813 865 1889 932 ἐκ
1949 865 2078 931 τοῦ
2136 858 2309 947 πρὸς
2370 855 2498 930 τὸν
2540 865 2793 930 Μωσέα
2850 867 3311 951 χρηματισμοῦ
3346 869 3435 930 ὅτι
3474 871 3504 929 ὁ
3544 874 3637 940 ιιὸς

685 973 971 1056 γνῶναι·
1017 969 1192 1051 λέγει
1235 958 1300 1034 δ’
1345 990 1472 1034 ουν
1516 956 1559 1051 ἦ
1603 959 1828 1051 γραφὴ
1881 957 2244 1049 »ἐλάλησεν
2288 962 2360 1029 δὲ
2404 953 2443 1030 6
2485 955 2651 1040 θεὸς
2690 957 2865 1050 πρὸς
2906 967 3171 1051 Μωσῆν
3196 971 3309 1034 καὶ
3414 931 3480 1012 ἢν
3510 963 3595 998 ¹⁰¹

613 1077 646 1131 5
683 1065 873 1137 εἶπεν
924 1062 1100 1153 πρὸς
1149 1058 1388 1134 αὐτόν·
1459 1061 1598 1150 ἐγώ
1651 1059 1909 1149 κύριος·
1980 1065 2093 1130 καὶ
2136 1055 2395 1148 ὤφθην
2436 1055 2612 1147 πρὸς
2652 1054 2937 1180 Ἀβραὰμ
2978 1069 3091 1132 καὶ
3134 1062 3309 1152 πρὸς
3344 1015 3539 1134 Μὲῗτὲξ
3560 1031 3638 1132 202

681 1161 898 1237 Ἰσαὰκ
940 1170 1054 1236 καὶ
1081 1161 1287 1290 ’,πρὸς
1310 1158 1559 1244 Ἰακώβ,
1603 1159 1772 1244 θεὸς
1815 1187 1922 1230 ων
1965 1154 2257 1231 αῦτῶνι.
2341 1153 2505 1250 δρᾷς
2536 1153 2728 1242 ὅπως
2772 1150 3018 1247 ὦφθαι
3060 1160 3309 1234 ἑαυτὸν
3342 1140 3638 1230 ῖῳἈβραᾷμ

685 1283 830 1347 τοῖς
871 1260 1212 1351 πατράσιν
1256 1265 1402 1350 ἔφη.
1473 1256 1647 1331 πότε
1683 1265 1756 1331 δὲ
1799 1256 2034 1348 ὤφθη,
2079 1255 2291 1330 πάλιν
2315 1254 2358 1347 ἦ
2386 1257 2630 1379 ι’γραφὴ
2668 1279 2995 1348 μαρτυρεῖ
3020 1268 3307 1350 λέγουσα
3374 1233 3611 1348 χρόὲἓτ

693 1360 940 1451 »ὤφθη
987 1368 1058 1434 δὲ
1101 1360 1328 1449 κύριος
1373 1355 1412 1431 6
1455 1359 1622 1442 θεὸς
1651 1365 1754 1448 τῷ
1785 1355 2073 1448 Ἀβραὰμ
2115 1357 2289 1447 πρὸς
2332 1365 2417 1446 τῇ
2464 1361 2619 1448 δρυῒ
2657 1365 2743 1447 τῇ
2789 1367 3099 1450 Μαμβρῆ,
3144 1372 3311 1434 καθ-

685 1469 940 1552 ημένου
993 1457 1206 1534 αὐτοῦ
1247 1460 1420 1551 πρὸς
1473 1466 1559 1548 τῇ
1601 1456 1842 1550 θύραι.
1929 1465 2080 1541 πῶς
2132 1463 2205 1528 δὲ
2266 1453 2479 1547 ὤφθη
2532 1454 2680 1530 ἄλλ’
2734 1462 2809 1529 ἐν
2870 1457 3155 1550 σχήματι
3200 1456 3313 1533 άν-

585 1581 651 1634 10
688 1569 1058 1651 θρωπίνῳς
1099 1568 1256 1630 τίνα
1299 1563 1374 1630 δὲ
1414 1565 1584 1648 χρῆν
1627 1556 1971 1630 πιστεύειν
2016 1558 2187 1628 εἶναι
2230 1562 2487 1628 τοῦτον
2528 1552 2573 1646 ἢ
2616 1555 2743 1629 τὸν
2770 1556 2925 1629 υἱὸν
2953 1565 3083 1630 τοῦ
3112 1567 3313 1646 θεοῦ;

689 1656 726 1733 ὃ
773 1661 855 1751 δὴ
897 1667 1008 1732 καὶ
1051 1655 1260 1741 αὐτὸς
1301 1663 1376 1730 ἐν
1405 1656 1837 1748 Εὖαγγελίοις
1889 1664 2185 1744 παρίστη
2238 1662 2461 1744 λέγων
2520 1657 2696 1747 πρὸς
2756 1657 2917 1742 τοῦς
2957 1655 3313 1742 Ἰουδαίους

695 1758 1014 1850 »Ἀβραὰμ
1059 1753 1097 1830 6
1139 1757 1369 1848 πατὴρ
1411 1755 1608 1844 υμῶν
1660 1751 2119 1847 ἠγαλλιάσατο
2174 1758 2285 1827 ἳνα
2328 1759 2435 1845 ἰ’δῃ
2481 1757 2612 1847 τὴν
2655 1754 2909 1847 ἡμέραν
2950 1757 3084 1847 τὴν
3124 1756 3309 1850 ἐμήν,

687 1867 800 1930 καὶ
841 1861 1017 1930 εἶδεν
1059 1865 1170 1929 καὶ
1213 1855 1480 1947 ἐχάρην
1527 1849 1645 1928 ὅτε
1673 1865 1786 1928 καὶ
1827 1851 2337 1944 θαυμασάντων
2364 1859 2477 1928 ἐπὶ
2504 1863 2609 1946 τῷ
2654 1855 2841 1947 λόγῳ
2884 1865 3315 1947 προσέθηκεν
3380 1871 3413 1926 2

689 1957 773 2030 τὸ
823 1965 1018 2047 »πρὶν
1059 1953 1344 2079 Ἀβραὰμ
1398 1964 1741 2078 γενέσθαι
1763 1954 1897 2044 ἐγώ
1952 1961 2151 2043 εἰμιι,
2205 1952 2337 2044 τὴν
2386 1953 2813 2044 προῦπαρξιν
2856 1957 3103 2029 ἑαυτοῦ
3144 1987 3313 2046 παρ-

587 2075 652 2129 15
689 2056 880 2140 ιστὰς
940 2055 1334 2129 λευκότατα.
1419 2064 1488 2127 τί
1532 2055 1615 2145 δὴ
1661 2047 1787 2127 οῦν
1835 2060 1948 2128 73ῑ·
2009 2062 2395 2144 συνίστησιν
2456 2048 2495 2125 6
2548 2052 2753 2143 λόγος
2794 2051 2839 2144 ἢ
2885 2053 3099 2129 αὑτὸν
3138 2059 3315 2128 εἶναι

689 2156 819 2228 τὸν
879 2155 1033 2228 υἱὸν
1085 2161 1212 2227 τοῦ
1254 2161 1426 2228 θεοῦ
1479 2156 1606 2228 τὸν
1647 2159 2154 2244 χρηματίσαντα
2198 2161 2300 2243 τῷ
2345 2163 2585 2225 Μωσεῑ
2619 2161 2732 2226 καὶ
2776 2154 3093 2245 εἰρηκότα
3142 2157 3311 2246 »ἐγώ

689 2263 818 2345 εἰμι
877 2251 916 2327 6
972 2252 1146 2338 ὤν«;
1202 2251 1411 2338 αυτὸς
1463 2254 1590 2344 γὰρ
1642 2260 1744 2342 τῷ
1791 2249 2077 2344 Ἀβραὰμ
2122 2245 2365 2341 ὦφθαι
2410 2250 2655 2325 ἑαυτὸν
2716 2258 3035 2342 ἐδίδαξεν.
3118 2250 3313 2339 ὅπως

689 2361 760 2427 δὲ
819 2347 905 2444 ῆν
965 2351 1172 2436 αὐτὸς
1239 2348 1314 2424 »6
1377 2349 1550 2438 ὤνι,
1613 2357 1891 2442 εἴρηται.
1974 2360 2087 2424 καὶ
2141 2347 2180 2430 6
2229 2360 2433 2442 μέγας
2486 2359 2559 2422 δὲ
2610 2349 2997 2438 ἀπόστολος
3040 2363 3311 2440 Παῦλος
3380 2368 3413 2422 3

692 2457 874 2528 οἶδεν
919 2452 1048 2526 τὸν
1087 2451 1242 2524 υἱὸν
1285 2459 1412 2525 τοῦ
1453 2459 1626 2524 θεοῦ
1667 2461 1948 2542 μεσίτην
2002 2450 2370 2542 γενόμενον
2432 2459 2553 2543 τῆς
2613 2450 2721 2526 διὰ
2766 2461 3068 2538 Μωσέως
3110 2485 3311 2545 νομο-

586 2568 655 2624 20
691 2561 941 2638 θεσίας,
985 2557 1058 2624 ἐν
1104 2553 1204 2635 οἷς
1257 2549 1551 2624 διδάσκει
1603 2557 1826 2640 λέγων
1891 2547 1969 2623 »6
2028 2549 2237 2640 νόμος
2297 2558 2632 2641 διαταγεὶς
2692 2548 2776 2625 δι’
2836 2549 3175 2644 ἀγγέλων,
3238 2561 3315 2628 ἐν

688 2660 852 2744 χειρὶ
899 2660 1188 2742 μεσίτου.
1235 2647 1272 2723 6
1317 2656 1390 2721 δὲ
1431 2659 1704 2742 μεσίτης
1750 2650 1903 2734 ἑνὸς
1948 2648 2073 2722 οῦκ
2127 2655 2367 2723 ἔστινι.
2432 2667 2445 2738 Ι
2512 2647 2762 2727 οὐκοῦν
2818 2647 2857 2724 6
2898 2662 3314 2744 χρηματίσας
3352 2685 3469 2741 183

693 2758 794 2843 τῷ
841 2761 1080 2823 Μωσεῑ
1121 2745 1159 2822 6
1201 2759 1473 2843 μεσίτης
1517 2745 1636 2843 ἦν,
1695 2756 1766 2838 ἐξ
1817 2756 2081 2823 ἐκείνου
2119 2749 2491 2841 μεσιτεῦων
2553 2758 2640 2841 τῇ
2698 2759 2849 2824 τῶν
2908 2749 3313 2842 ἀνθρώπων

692 2860 1026 2943 σωτηρίᾳ,
1097 2858 1260 2939 πρὶν
1319 2847 1362 2941 ἢ
1424 2851 1554 2940 τὴν
1615 2849 1827 2939 σάρκα
1894 2846 2277 2935 άναλαβεῑν.
2380 2856 2637 2924 τοῦτον
2696 2859 2769 2925 δὲ
2826 2854 3002 2925 εἶναι
3060 2850 3314 2943 Ἰησοῦν
3381 2878 3419 2931 4

696 2949 1002 3041 Χριστὸν
1045 2946 1084 3022 6
1127 2947 1334 3032 αὐτὸς
1377 2947 1765 3033 ἀπόστολος
1807 2958 2181 3040 παρέστησε
2228 2948 2447 3040 φήσας
2505 2952 2635 3036 »εἷς
2676 2950 2867 3037 θεός,
2916 2954 3011 3037 εἷς
3050 2961 3163 3024 καὶ
3205 2982 3314 3043 με·

593 3061 662 3126 25
697 3062 886 3144 σίτης
928 3058 1098 3125 θεοῦ
1139 3058 1250 3121 καὶ
1296 3046 1719 3140 ἀνθρώπων,
1766 3049 2145 3141 ἄνθρωπος
2186 3046 2435 3138 Ἰησοῦς
2480 3049 2835 3139 Χριστόςι.
2908 3049 3029 3124 εἴτ’
3075 3046 3202 3125 οὖν
3243 3059 3314 3141 ἐξ

699 3151 910 3225 αὐτοῦ
973 3156 1168 3239 <τοῦ>
1227 3149 1610 3241 προσώπου
1669 3157 1939 3239 λέγοιτο
1998 3148 2185 3239 παρὰ
2230 3156 2472 3221 Μωσεῑ
2518 3149 2601 3223 τὸ
2660 3152 2828 3241 »ἐγώ
2882 3158 3013 3242 εἰμι
3064 3148 3105 3225 6
3150 3151 3313 3239 632³«,

700 3249 828 3324 εἴθ’
875 3248 912 3323 6
957 3250 1186 3341 πατὴρ
1215 3244 1315 3371 (ἦν
1345 3244 1384 3321 6
1413 3246 1510 3321 δι’
1547 3247 1762 3323 αὐτοῦ
1791 3248 2051 3339 ταύτην
2080 3255 2481 3338 προϊέμενος
2510 3249 2639 3339 τὴν
2670 3248 2935 3341 φωνήν,
2980 3251 3318 3341 ἑκατέρως

701 3350 1026 3441 αληθεύοι
1071 3378 1168 3472 avt
1199 3343 1236 3421 6
1281 3347 1502 3438 λόγος.
1585 3348 1676 3439 μὴ
1739 3348 1820 3438 δὴ
1876 3341 2001 3421 οὖν
2044 3344 2391 3437 ἇπορείτω
2436 3346 2835 3439 Μάρκελλος
2886 3358 3315 3443 συλλογισμῷ
3390 3378 3427 3431 5

697 3478 1063 3541 χρωμενος,
1111 3479 1206 3531 ως
1251 3452 1484 3533 οἴεται,
1529 3445 1837 3537 ἀφύκτῳ,
1884 3443 1966 3519 δι’
2015 3440 2097 3519 οὗ
2140 3454 2347 3537 φησὶν

597 3568 666 3621 30
826 3555 965 3639 (Nr.
1005 3556 1108 3636 57)
1154 3558 1310 3619 τίνα
1355 3553 1595 3619 τοίνυν
1639 3546 1766 3619 τὸν
1815 3548 1985 3637 »ἐγώ
2031 3552 2163 3637 εἰμι
2206 3541 2245 3619 6
2290 3574 2428 3617 ων(
2472 3554 2763 3639 λέγοντα
2790 3546 3123 3641 Ἀστέριος
3152 3553 3323 3624 εἶναι

827 3654 1059 3734 οἴεται,
1104 3645 1232 3718 τὸν
1273 3646 1426 3718 υἱὸν
1470 3643 1513 3736 ἢ
1558 3645 1686 3718 τὸν
1726 3655 2019 3734 πατέρα;

703 3745 831 3821 εἷθ’
897 3750 1048 3837 ἑξῆς
1107 3744 1448 3835 συνάγων,
1513 3742 1610 3830 ὥς
1668 3752 1726 3817 εἰ
1783 3753 1909 3835 μὲν
1962 3741 2001 3817 6
2044 3747 2273 3837 πατὴρ
2319 3752 2420 3838 εἴη
2480 3742 2519 3819 6
2580 3743 2710 3833 ὤν,
2772 3745 2992 3821 οὐκέτ’
3038 3753 3225 3821 ἐσται
3283 3744 3322 3822 6

701 3847 847 3929 υίὸς
888 3846 1080 3929 θεός·

830 3951 968 4035 (Nr.
1001 3952 1104 4035 58)
1149 3943 1260 4017 ὅτι
1301 3944 1478 4018 κατὰ
1521 3941 2051 4035 άντιδιαστολὴν
2092 3952 2219 4016 τοῦ
2260 3944 2349 4036 μὴ
2396 3938 2600 4029 ὄντος
2644 3940 2681 4017 6
2714 3938 2816 4019 ὢν
2861 3948 3111 4020 ἑαυτὸν
3154 3950 3329 4020 εἷναί

603 4062 670 4117 35
832 4070 1056 4135 φησιν.
1143 4052 1200 4118 εἰ
1243 4052 1314 4115 δὲ
1358 4045 1485 4117 τὸν
1525 4044 1680 4117 υἱὸν
1719 4042 2089 4117 ὑποστάσει
2132 4052 2537 4137 διῃρημένον
2578 4052 2791 4119 τοῦτο
2824 4044 3076 4134 φάσκοι
3106 4053 3329 4137 λέγειν

875 4268 916 4323 4
965 4264 1066 4321 Ex.
1102 4269 1151 4333 6,
1187 4270 1235 4323 2.
1271 4268 1305 4322 3
1351 4296 1418 4306 -
1463 4266 1500 4322 8
1557 4266 1692 4322 Gen.
1731 4266 1812 4333 18,
1852 4270 1881 4321 1
1918 4244 1983 4307 '—
2024 4268 2099 4323 12
2154 4266 2276 4321 ³012.
2313 4268 2363 4331 8,
2398 4266 2467 4323 56
2500 4296 2567 4305 —
2612 4267 2690 4324 14
2743 4266 2867 4323 ³011.
2902 4269 2955 4336 8,
2989 4269 3057 4325 58
3091 4298 3160 4307 —
3198 4268 3336 4325 1611·

707 4370 808 4425 Ex.
845 4372 994 4438 3,14
1029 4400 1096 4409 -
1133 4370 1213 4425 20
1251 4368 1458 4436 G21.3,
1498 4370 1578 4423 19.
1615 4367 1685 4422 20
1719 4397 1786 4406 —
1824 4367 1907 4423 24
1940 4368 1966 4421 1
2002 4366 2141 4421 Tim.
2177 4369 2225 4435 2,
2263 4370 2296 4425 5
2330 4398 2395 4407 -
2434 4369 2512 4423 26
2545 4366 2643 4424 Ex.
2680 4370 2728 4434 3,
2766 4371 2833 4423 14
2869 4399 2936 4409 -
2972 4368 3045 4424 ω
3080 4368 3331 4435 1⁴21.3,14

880 4571 917 4627 8
952 4568 1168 4640 κύριος]
1205 4567 1361 4643 αὐτῷ
1397 4570 1544 4624 Lxx
1605 4572 1616 4639 1
1681 4572 1720 4627 9
1769 4562 1913 4639 ἀλλ’]
1950 4564 2139 4635 ἄλλως
2170 4567 2207 4637 ἢ
2242 4568 2320 4623 V²
2353 4586 2401 4624 a..
2426 4569 2490 4623 R.
2525 4568 2561 4623 l.
2600 4564 2727 4625 ἀλλ’
2762 4568 2894 4639 <ἢ>ἳ
2958 4572 2967 4639 Ι
3036 4570 3110 4625 15
3156 4564 3332 4625 αὐτὸν

710 4671 761 4726 v
826 4671 834 4740 ι
899 4672 979 4727 26
1013 4678 1116 4727 τοῦ
1149 4672 1255 4726 we
