3694 5582
723 522 846 585 212
1914 516 2181 573 Eusebius

725 682 1038 755 αἰνίγματι,
1083 685 1214 743 τότε
1247 686 1306 742 δὲ
1340 686 1653 757 πρόσωπον
1689 685 1834 757 πρὸς
1868 684 2206 757 πρόσωπον·
2264 680 2397 755 ἄρτι
2430 681 2791 757 γινώσκομεν
2824 680 2892 741 ἐκ
2922 684 3159 758 μέρους,
3209 686 3335 743 τότε

722 770 784 827 δὲ
833 766 1274 841 ἐπιγνωσόμεθα
1325 766 1526 837 καθὼς
1575 771 1674 825 καὶ
1723 766 2223 841 ἐπεγνώσθημενε.
2290 763 2441 826 ὥστε
2482 771 2563 839 μή
2605 789 2721 838 μου
2754 767 3054 826 πυνθάνου
3088 772 3221 841 περὶ
3254 762 3333 827 ὧν

725 860 921 925 σαφῶς
961 856 1122 925 παρὰ
1172 861 1272 925 τῆς
1319 856 1485 921 θείας
1535 860 1762 925 γραφῆς
1811 857 1891 924 μὴ
1936 854 2266 924 μεμάθηκα.
2334 853 2425 911 διὰ
2468 862 2641 911 τοῦτο
2686 856 2877 911 τοίνυν
2914 852 3045 911 οὐδὲ
3078 857 3211 929 περὶ
3242 861 3335 924 τῆς

723 941 888 1005 θείας
938 936 1156 1010 ἐκείνης
1205 946 1304 1008 τῆς
1346 946 1428 1014 τῷ
1470 939 1612 1014 θείῳ
1654 940 1812 1013 λόγῳ
1854 938 2281 1009 κοινωνησάσης
2316 938 2529 1011 σαρκὸς
2564 946 2765 1010 σαφῶς
2795 937 2976 996 εἰπεῖν
3012 941 3335 1009 δυνήσομαι.

655 1025 687 1075 5
722 1025 845 1079 νυνὶ
889 1023 950 1082 δὲ
992 1024 1238 1081 πιστεύω
1273 1032 1398 1091 ταῖς
1439 1025 1628 1090 θείαις
1661 1032 1926 1095 γραφαῖς,
1965 1018 2054 1080 ὅτι
2086 1015 2171 1089 εἷς
2204 1024 2357 1091 θεός,
2392 1026 2491 1079 καὶ
2526 1022 2560 1079 0‘
2597 1022 2805 1081 τούτου
2838 1022 3012 1095 λόγος
3045 1027 3334 1097 προῆλθεν

721 1106 828 1177 μὲν
860 1118 966 1166 τοῦ
999 1109 1244 1183 πατρός,
1282 1105 1380 1166 ἵνα
1420 1107 1640 1166 »πάντα
1674 1102 1744 1165 δι’
1785 1108 1990 1165 αἰτοῦσι
2028 1106 2284 1179 γένηται·
2320 1105 2465 1176 μετὰ
2498 1106 2559 1163 δὲ
2592 1108 2695 1164 τὸν
2730 1108 2934 1179 καιρὸν
2968 1114 3068 1177 τῆς
3098 1110 3339 1182 κρίσεως

719 1194 818 1247 καὶ
867 1196 971 1263 τὴν
1021 1200 1136 1250 τῶν
1190 1190 1460 1251 ἁπάντων
1495 1194 1807 1267 διόρθωσιν
1850 1196 1949 1250 καί
1990 1192 2093 1249 τὸν
2146 1192 2475 1265 ἀφανισμόν
2526 1200 2624 1261 τῆς
2676 1190 3067 1263 ἀντικειμένης
3116 1188 3339 1263 ἁπάσης

720 1274 1012 1351 ἐνεργείας
1067 1278 1226 1335 ’τότε
1279 1277 1450 1344 αὐτὸς
1493 1274 1913 1350 ὑποταγήσεται
1947 1286 2029 1353 τῷ
2062 1272 2409 1345 ὑποτάξαντι
2454 1276 2605 1351 αὐτῷ
2655 1274 2725 1333 τὰ
2778 1274 2995 1333 noina«
3058 1281 3208 1351 »θεῷ
3242 1280 3337 1334 καὶ

721 1362 952 1435 πατρία,
999 1355 1078 1417 ‘lv'
1115 1356 1297 1428 οὕτως
1347 1350 1383 1434 ᾖ
1428 1361 1490 1419 ἐν
1530 1369 1612 1437 τῷ
1645 1366 1766 1437 θεῷ
1801 1360 1836 1418 ὃ
1872 1362 2069 1434 λόγος,
2124 1354 2321 1436 ὥσπερ
2371 1364 2471 1419 καί.
2522 1362 2808 1434 πρότερον
2842 1358 2910 1431 ἦν
2946 1361 3065 1433 πρὸ
3100 1371 3203 1417 τοῦ
3238 1361 3338 1418 τόν

620 1442 686 1498 10
719 1446 940 1515 κόσμον
975 1438 1138 1503 εἶναι.
1209 1446 1438 1514 οὐδενὸς
1487 1446 1602 1519 γὰρ
1655 1442 1822 1512 ὄντος
1873 1447 2161 1519 πρότερον
2201 1444 2239 1517 ἢ
2282 1451 2424 1505 θεοῦ
2465 1446 2673 1515 μόνου,
2726 1443 2959 1502 πάντων
3012 1444 3074 1503 δὲ
3106 1445 3199 1503 διὰ
3235 1455 3335 1502 τοῦ

717 1530 895 1601 λόγου
929 1532 1229 1633 γίγνεσὶθαι
1261 1532 1612 1600 μελλόντων,
1657 1535 1949 1604 προῆλθεν
1982 1530 2015 1586 ό
2050 1532 2223 1603 λόγος
2256 1534 2530 1604 δραστικῇ
2563 1527 2847 1606 ἐνεργείᾳ,
2894 1529 2927 1585 ὁ
2962 1532 3136 1602 λόγος
3168 1522 3335 1596 οὗτος

717 1624 820 1671 τοῦ
853 1615 1072 1688 πατρὸς
1106 1636 1206 1671 ων.

887 1765 982 1821 Nr.
1017 1766 1118 1821 122
1152 1766 1316 1835 (oben
1351 1766 1470 1835 109)
1505 1757 1674 1830 οὗτός
1725 1762 1877 1823 ἐστιν
1928 1768 2061 1839 περὶ
2118 1757 2187 1822 οὗ
2231 1763 2264 1821 δ
2304 1766 2531 1832 Παῦλος
2574 1761 2682 1837 ἔφη
2722 1774 2853 1822 »τοῦ
2888 1764 3341 1840 προορισθέντος

717 1847 842 1906 υἱοῦ
875 1852 1066 1907 θεοῦε.

617 2009 684 2061 15
887 1999 981 2055 Nr.
1001 2002 1102 2057 123
1125 2000 1289 2070 (oben
1309 2000 1430 2068 110)
1451 1998 1657 2056 τούτου
1679 1999 1794 2071 γάρ
1816 1999 1986 2073 χάριν
2012 2000 2045 2056 ὁ
2069 1996 2390 2071 ἁγιώτατος
2414 2002 2708 2073 προφήτης
2726 1997 3012 2070 Σολομὼν
3034 1999 3338 2068 »δέξασθαί

718 2104 781 2142 τε
822 2084 1078 2157 στροφὰς
1111 2084 1330 2156 λόγωνε
1371 2078 1494 2155 ἔφη,
1528 2086 1628 2141 καὶ
1662 2084 1834 2141 πάλιν
1876 2084 2097 2159 »ῥήσεις
2128 2103 2191 2141 τε
2228 2090 2427 2155 σοφῶν
2460 2086 2559 2141 καὶ
2594 2080 2951 2155 αἰνίγματαα.

887 2252 981 2307 Nr.
1005 2254 1106 2309 124
1139 2253 1302 2322 (oben
1331 2254 1453 2321 111)
1489 2252 1576 2308 διό
1611 2272 1714 2321 μοι
1749 2256 1911 2311 δοκεῖ
1940 2251 1973 2308 ὁ
2011 2249 2351 2323 σοφώτατος
2385 2243 2553 2317 οὗτος
2586 2254 2881 2323 προφήτης
2912 2255 3011 2309 καὶ
3032 2252 3105 2309 τὰ
3130 2258 3339 2323 πρῶτα

716 2336 944 2409 ῥήματα
977 2343 1078 2405 τῆς
1109 2338 1463 2411 προφητείας
1497 2338 1899 2407 παροιμιωδῶς
1934 2336 2233 2410 εἰρηκέναι.

888 2486 980 2541 Nr.
1017 2488 1119 2542 125
1155 2487 1318 2555 (oben
1353 2487 1472 2555 112)
1509 2483 1672 2543 οὐδὲν
1725 2486 1836 2559 γὰρ
1890 2483 2137 2555 ἄτοπον,
2192 2481 2378 2556 οἶμαι,
2432 2483 2493 2542 ἐν
2544 2494 2625 2561 τῷ
2678 2487 2920 2561 παρόντι
2972 2486 3168 2557 ὀλίγον
3224 2492 3337 2541 τῶν

614 2562 684 2617 20
718 2564 934 2637 ἔξωθεν
969 2566 1294 2640 ὑπομνῆσαί
1329 2587 1392 2628 σε
1426 2577 1770 2643 παροιμιιῖιν.

886 2647 1063 2710 ΑΔΑ’
1099 2658 1158 2711 Η
1193 2655 1616 2711 ΤΕΘΝΗΚΕΝ
1644 2657 1707 2711 H
1738 2656 2111 2711 ΔΙΔΑΣΚΕΙ
2138 2657 2585 2712 ΓΡΑΜΜΑΤΑ.
2646 2654 2850 2725 ταύτην
2882 2658 2985 2724 τὴν
3018 2656 3339 2723 παροιμίαν

714 2739 860 2813 πρὸς
893 2738 1000 2809 μὲν
1033 2738 1102 2796 τὸ
1138 2740 1491 2811 φαινόμενον
1535 2748 1638 2796 τοῦ
1679 2738 2021 2814 γράμματος
2064 2736 2345 2813 ὑπολάβοι
2395 2735 2469 2797 ἄν
2518 2760 2603 2806 τις
2653 2740 2803 2798 κατὰ
2856 2746 2969 2796 τῶν
3020 2736 3337 2811 γράμματα

713 2824 1092 2880 διδασκόντων
1127 2824 1415 2894 εἰρῆσθαι·
1452 2822 1576 2882 ἐπεὶ
1609 2829 1708 2880 καὶ
1741 2821 1937 2897 ἕτερός
1971 2844 2054 2888 τις
2088 2831 2203 2880 τῶν
2238 2819 2375 2900 παρ’
2410 2825 2605 2890 αὐτοῖς
2644 2821 2960 2890 »ἐδίδασκες
3002 2821 3337 2897 γράμματα,

715 2903 832 2978 ἐγὼ
883 2901 940 2963 δ’
993 2905 1268 2979 ἐφοίτωνσ
1325 2905 1447 2980 ἔφη.
1517 2911 1584 2966 τὸ
1636 2903 1692 2965 δ’
1747 2909 1850 2979 οὐχ
1904 2904 2081 2974 οὕτως
2136 2904 2281 2981 ἔχειν
2336 2908 2393 2967 οὶ
2442 2909 2515 2967 τὰ
2566 2906 2953 2978 ὑπομνήματα
3004 2907 3338 2980 γράψαντες

609 2989 678 3044 25
714 2989 958 3063 ἔφασαν·
1019 2986 1141 3050 ἀλλ’
1195 2989 1383 3064 ἐπειδὴ
1419 2988 1744 3064 Ἀθηναίους
1779 2997 2139 3060 Σικελιῶται,
2195 2995 2394 3063 φασίν,
2446 2992 2681 3067 πολέμῳ
2733 2995 3065 3062 νικήσαντες
3116 2993 3337 3060 μόνους

713 3071 927 3152 ἔσῳζον
962 3078 1094 3142 τοὺς
1129 3081 1388 3136 παιδείαν
1425 3078 1867 3148 σκηπτομένους,
1902 3077 2270 3142 διδασκάλους
2295 3076 2498 3143 αὐτοὺς
2521 3087 2640 3142 τοῖς
2664 3079 2859 3135 παισὶν
2894 3073 3158 3149 ἄγοντες,
3196 3075 3335 3140 τοὺς

711 3161 772 3218 δὲ
805 3157 1012 3228 ἄλλους
1045 3161 1265 3227 πάντας
1301 3158 1598 3232 ἐφόνευον,
1643 3160 1708 3230 ἐξ
1742 3161 1931 3219 αἰτῶν
1975 3165 2040 3232 δή
2074 3182 2235 3226 τινας
2270 3163 2555 3233 φυγόντας
2588 3163 2687 3218 καὶ
2734 3157 3157 3225 ἐπανελθόντας
3190 3157 3335 3233 ἐρω-

711 3246 1000 3316 τωμένους
1034 3267 1096 3304 τε
1131 3243 1244 3303 ὑπὸ
1263 3241 1570 3316 Ἀθηναίων
1593 3248 1726 3320 περί
1745 3268 1917 3304 τινων
1940 3247 2330 3319 διαφερόντων
2368 3245 2559 3310 αὐτοῖς
2596 3241 2815 3316 ἔφασαν
2840 3243 3130 3317 εἰρηκέναι
3154 3235 3335 3300 AAA‘

713 3333 773 3386 H
807 3331 1232 3388 TEONHKEN
1259 3335 1318 3386 H
1350 3331 1720 3387 ΔΙΔΑΣΚΕῘ
1747 3331 2193 3389 PPAMMATA.

607 3417 676 3469 30
877 3415 936 3472 τί
966 3415 1026 3472 δὲ
1060 3417 1158 3472 καὶ
1191 3415 1259 3471 τὸ
1302 3416 1438 3471 Ali·
1469 3415 1631 3471 ΤΗΝ
1656 3416 2089 3484 ΜΑΧΑΙΡΑΝ;
2141 3416 2429 3484 νομίσειεν
2482 3409 2554 3471 ἄν
2602 3434 2686 3479 τις
2730 3412 3056 3485 [εἰρῆσθαι],
3104 3407 3207 3466 ἵνα
3244 3415 3335 3466 θῶ

710 3501 997 3572 πρότερον
1032 3499 1103 3556 τὰ
1139 3502 1270 3571 περὶ
1306 3497 1476 3568 αὐτῆς
1509 3501 1817 3569 λεγόμενα,
1872 3499 2101 3565 πάντως
2150 3518 2264 3556 που
2307 3499 2397 3556 διὰ
2436 3499 2560 3566 <τὸ>
2606 3503 2707 3570 τὴν
2751 3495 3039 3567 θυομένην
3076 3489 3216 3566 αἶγα
3252 3493 3335 3557 εἰς

707 3586 808 3652 τὴν
861 3583 1152 3656 μάχαιραν
1206 3582 1436 3657 ἀφορᾶν
1488 3582 1752 3654 εἰρῆσθαι
1800 3587 1902 3653 τὴν
1956 3585 2286 3658 παροιμίαν.
2358 3577 2479 3640 ἀλλ’
2534 3578 2657 3640 οὔτι
2700 3603 2765 3655 γε
2811 3573 2961 3639 τοῦτ’
3006 3575 3231 3650 ἔφασαν
3278 3575 3337 3634 οὶ

882 3751 929 3806 ὅ
972 3752 1132 3814 (νυνί)
1167 3780 1233 3789 -
1268 3753 1360 3808 12
1401 3754 1492 3819 42,
1529 3753 1760 3806 15-23.
1830 3751 1953 3816 107,
1986 3753 2203 3806 13-22
2237 3753 2347 3823 vgl.
2383 3751 2527 3806 auch
2560 3752 2680 3819 166,
2718 3753 2789 3804 15
2804 3751 2873 3818 ff3
2916 3749 3019 3805 10
3056 3745 3333 3816 (οὐδενὸς)

709 3847 774 3857 -
808 3821 891 3873 11
926 3815 1226 3890 (ἑνεργεια)
1249 3820 1364 3882 112,
1390 3821 1604 3874 31-33
1633 3849 1700 3860 —
1732 3819 1987 3875 13—14
2020 3821 2104 3887 12,
2130 3821 2270 3874 4-5
2304 3851 2371 3861 -
2404 3821 2659 3876 15-—16
2692 3819 2776 3886 13,
2802 3819 2946 3871 4—5
2981 3847 3047 3856 —
3080 3814 3332 3872 17-18

713 3885 794 3952 13,
839 3885 973 3940 7-8
1001 3917 1068 3925 -
1101 3873 1320 3942 19—8.
1360 3888 1520 3958 213,
1558 3889 1646 3943 41
1680 3888 1762 3954 14,
1800 3888 1979 3954 1—15,
2016 3889 2091 3942 34
3414 3887 3421 3892 ·

875 4020 912 4076 Β
945 4021 1068 4076 Joh.
1107 4025 1154 4090 1,
1192 4023 1225 4076 3
1259 4053 1326 4062 —-
1363 4021 1460 4078 81
1498 4023 1624 4076 Kor.
1666 4025 1746 4088 15,
1782 4022 1865 4076 28.
1902 4024 1969 4078 24
2006 4053 2073 4061 -
2112 4023 2188 4078 13
2224 4021 2380 4076 Βὸω.
2418 4025 2519 4088 1,4
2553 4053 2620 4060 —-
2660 4023 2734 4079 15
2772 4021 3051 4086 Prov.1,3
3088 4049 3154 4058 —
3194 4019 3337 4075 191!

707 4107 742 4143 v
781 4088 819 4142 1.
867 4088 956 4142 die
1000 4089 1474 4160 Separatausgabe
1510 4087 1917 4144 Schneidewins
1964 4090 2043 4144 im
2081 4091 2157 4146 Co
2224 4107 2288 4143 us
2332 4089 2721 4160 paroemiogra
2756 4089 2953 4143 horum
3070 4101 3331 4142 ancorum

709 4107 794 4210 eg.
833 4156 1070 4212 Leufisch
1107 4163 1166 4212 et
1200 4157 1579 4213 Schneidewin
1613 4155 1658 4226 1,
1696 4157 1861 4212 XXff.
1900 4159 2037 4214 1839
2069 4187 2137 4197 ——
2160 4107 2255 4214 3³3
2289 4157 2685 4213 Domoefihenes
2760 4173 2791 4211 e
2826 4173 2933 4213 cor.
2970 4157 3004 4212 3
3040 4157 3073 4210 5

880 4291 958 4347 11
987 4286 1117 4362 ἄρτι
1149 4321 1217 4332 --
1253 4289 1353 4348 ἐπε
1425 4288 1718 4364 ὠσθημεν]
1768 4295 1868 4348 καὶ
1916 4291 1987 4349 τὰ
2034 4287 2063 4348 ἑ
2104 4299 2162 4358 ’ς
2212 4293 2329 4360 166,
2365 4293 2431 4346 27
2498 4293 2506 4361 Ι
2544 4293 2609 4360 ,4
2665 4291 2845 4362 θείας]
2881 4297 2947 4356 -Ι-
2982 4296 3207 4363 γραφῆς
3244 4289 3327 4341 V*

707 4362 823 4427 166,
859 4360 926 4415 29
961 4361 1078 4426 (etr.
1115 4360 1210 4428 Ψ)
1275 4363 1283 4426 Ι
1379 4361 1433 4416 εί
1515 4371 1580 4419 <
1619 4363 1732 4425 166,
1769 4361 1838 4416 29
1890 4362 1899 4430 Ι
1949 4369 2050 4416 νῦν
2172 4362 2254 4426 56,
2292 4364 2321 4415 1
2376 4361 2384 4426 Ι
2438 4359 2474 4415 5
2512 4361 2611 4429 είς]
2648 4367 2714 4424 -ὶ-
2750 4359 2783 4415 ό
2820 4361 3020 4424 107,13
3072 4361 3082 4424 Ι
3132 4359 3309 4428 λόγος

706 4435 771 4490 -Ι-
807 4425 948 4492 θεὸς
980 4427 1219 4498 V42,1‚6
1283 4430 1290 4494 Ι
1357 4431 1395 4484 9
1425 4380 1525 4484 (ἵνα
1561 4430 1642 4494 56,
1679 4431 1713 4484 6
1777 4428 1786 4496 Ι
1847 4435 1930 4502 τῷ
1968 4439 2034 4489 <
2070 4431 2150 4494 56,
2188 4431 2237 4482 7.
2293 4429 2378 4494 42,
2416 4429 2483 4482 20
2544 4430 2555 4494 Ι
2623 4427 2701 4483 10
2736 4425 2790 4496 ἢ]
2826 4433 3019 4490 -1-τοῠ
3054 4428 3171 4500 107,
3206 4427 3278 4480 20

710 4497 779 4550 11
823 4491 855 4550 ὁ
899 4494 1073 4564 λόγος
1119 4497 1304 4565 ουτος]
1338 4495 1512 4567 λόγος
1549 4497 1664 4560 107,
1699 4498 1763 4550 21
1847 4497 1857 4563 1
1940 4496 2021 4553 28
2057 4493 2339 4561 ἐδίδασκες
2373 4494 2654 4549 Demosth.
2690 4491 3013 4550 ἐδιδάσκετο
3048 4494 3096 4546 V
3178 4495 3189 4560 Ι
3273 4493 3308 4546 δ

705 4562 987 4640 Βθωοεὴὴ.
1018 4563 1078 4642 δὲ
1111 4563 1158 4616 V
1225 4569 1234 4629 Ι
1299 4563 1373 4619 27
1415 4566 1482 4632 δή
1519 4561 1623 4617 We
1657 4561 1720 4619 δέ
1753 4563 1802 4617 V
1869 4565 1876 4630 Ι
1942 4565 2023 4622 28
2073 4583 2243 4619 τινων
2296 4565 2460 4632 διαφε
2504 4564 2685 4642 ὀντων
2740 4567 2855 4642 τῶν
2891 4565 3109 4632 διαφθα
3148 4560 3329 4644 ἐντῶν

706 4630 1084 4686 Schneudemn
1223 4629 1304 4685 80
1342 4629 1607 4712 εἰρῆσθαι
1641 4634 1734 4686 etr.
1763 4633 1849 4686 Ga
1911 4633 1919 4700 Ι
1978 4627 2077 4688 ἳνα
2114 4635 2205 4686 θω·
2230 4631 2411 4700 Heyse
2502 4630 2659 4684 ohnel
2700 4647 2843 4685 evm
2878 4633 2990 4699 μὴν
3026 4625 3065 4685 ἃ
3100 4580 3191 4684 ξω
3219 4629 3271 4682 V
3320 4629 3329 4696 Ι

706 4699 783 4752 81
821 4695 1051 4762 πάντως
1085 4697 1154 4753 Sc
1192 4698 1464 4754 neidewm
1500 4697 1730 4755 πάντων
1766 4700 1815 4751 V
1885 4700 1893 4768 Ι
1958 4698 2026 4754 τὸ
2062 4717 2101 4770 g
2162 4701 2170 4768 1
2237 4699 2313 4754 82
2353 4670 2475 4753 offa
2508 4715 2575 4768 γε
2610 4697 2683 4752 Kl
2723 4697 2791 4753 οἰ·
2824 4696 2971 4762 τινὲς
3004 4697 3054 4750 V
3194 4697 3205 4708 ‘
