3694 5582
731 476 810 536 56
1898 467 2165 524 Eusebius

851 627 1061 720 σάσης
1117 631 1366 722 σαρκὸς
1423 639 1662 720 σαφῶς
1719 637 1935 705 εἰπεῖν
1994 630 2381 724 δυνήσομαι.
2484 639 2631 704 νυνὶ
2705 639 2777 705 δὲ
2840 631 3135 705 πιστεύω
3197 653 3340 716 ταῖς

855 739 1072 815 θείαις
1114 750 1426 821 γραφατς,
1488 725 1598 805 ὅτι
1641 732 1736 816 εἷς
1775 730 1971 819 θεός,
2016 741 2127 804 καὶ
2173 728 2211 804 6
2264 732 2525 806 τούτου
2579 729 2783 822 λόγος
2824 739 3179 823 προῆλθεν
3222 737 3342 822 μὲν

855 837 983 901 τοῦ
1024 829 1307 919 πατρός,
1353 835 1464 904 ἵνα
1513 827 1778 904 »πάντα
1820 831 1904 904 δι’
1952 829 2197 906 admi«
2250 840 2550 922 γένηται·
2610 833 2781 923 μετὰ
2825 838 2893 904 δὲ
2939 834 3067 905 τὸν
3105 831 3343 922 καιρὸν

855 937 978 1020 τῆς
1019 939 1304 1019 κρίσεως
1345 937 1456 1002 καὶ
1500 931 1634 1021 τὴν
1675 937 1824 1004 τῶν
1854 928 2187 1006 ἀπάντων
2216 931 2596 1021 διόρθωσιν
2638 940 2749 1005 καὶ
2794 933 2923 1004 τὸν
2962 927 3343 1020 ἀφανισμὸν

853 1035 978 1118 τῆς
1019 1026 1488 1120 ἀντικειμένης
1517 1027 1779 1122 ἀπάσης
1823 1038 2157 1122 ἐνεργείας
2202 1030 2399 1105 »τότε
2444 1031 2653 1116 αὐτὸς
2692 1029 3197 1122 ὑποταγήσεται
3240 1039 3343 1122 τῷ

853 1126 1276 1216 ὑποτάξαντι
1319 1127 1508 1220 αύτῷ
1554 1129 1640 1203 τὰ
1683 1130 1950 1204 πάντα(
2006 1140 2186 1222 »θεῷ
2229 1142 2341 1205 καὶ
2394 1141 2673 1224 πατρία,
2734 1138 2845 1204 ἵνα
2898 1127 3124 1216 οὕτως
3176 1125 3219 1221 ᾗ
3272 1136 3345 1204 ἐν

853 1236 1000 1320 θεῷ
1047 1226 1086 1302 6
1132 1228 1350 1319 λόγος,
1397 1229 1629 1322 ῶσπερ
1673 1241 1786 1303 καὶ
1829 1231 2175 1324 πρότερον
2218 1224 2319 1322 ἦν.

731 1335 1013 1402 τοιοῦτο
1057 1336 1256 1414 τέλος
1299 1329 1634 1422 &nſjyffl
1698 1340 1785 1422 τῇ
1845 1339 2037 1424 σαρκὶ
2100 1339 2227 1405 τοῦ
2278 1339 2593 1423 σωτῆρος
2632 1329 2831 1423 ήμῶν
2872 1328 2911 1404 ὁ
2956 1331 3347 1422 θαυμαστὸς
3380 1351 3435 1406 19

728 1421 938 1512 οὗτος
965 1428 1402 1519 συγγραφεύς,
1429 1437 1542 1506 47*
1569 1427 2049 1522 ἀμνημονήσας
2080 1425 2185 1503 ὦν
2212 1441 2365 1521 περὶ
2395 1430 2607 1521 αὐτῆς
2642 1431 2755 1505 διὰ
2784 1437 2933 1504 τῶν
2962 1436 3347 1522 ἔμπροσθεν

632 1547 698 1600 10
733 1534 1017 1620 εἴρηκεν.
1102 1527 1231 1601 εἶθ’
1294 1525 1332 1601 6
1393 1538 1631 1652 σαφῶς
1692 1561 1920 1652 ουτως
1980 1531 2063 1603 τὸ
2124 1540 2315 1622 σῶμα
2376 1532 2459 1604 τὸ
2520 1529 2863 1622 σωτήριον
2900 1533 3173 1622 ἔρημον
3226 1539 3350 1602 τοῦ
3379 1537 3439 1592 20

734 1626 944 1718 λόγου
984 1629 1388 1720 γενήσεσθαι
1427 1630 1598 1721 μετὰ
1641 1629 1770 1703 τὸν
1818 1637 1937 1722 τῆς
1978 1638 2260 1722 κρίσεως
2310 1630 2549 1719 καιρὸν
2594 1627 3122 1721 ἀποφηνάμενος
3164 1627 3350 1704 εύλά-

731 1737 919 1814 βειαν
960 1750 1436 1817 προσποιεῖται
1481 1737 1590 1804 καὶ
1633 1731 1724 1822 μὴ
1769 1738 2016 1804 εἰδέναι
2060 1740 2267 1824 φησὶν
2310 1729 2829 1821 ἀποκρίνεσθαι,
2884 1737 2944 1800 εἲ
2990 1759 3095 1813 τις
3138 1727 3351 1802 αὑτὸν

731 1833 958 1917 ἔροιτο
1011 1837 1166 1922 περὶ
1219 1835 1344 1920 τῆς
1397 1827 1669 1916 σαρκός,
1733 1838 1943 1921 φῆσαι
1986 1828 2051 1902 δ’
2100 1861 2187 1902 αν
2226 1833 2400 1921 πρὸς
2442 1832 2571 1904 τὸν
2612 1835 3015 1921 ἐρωτῶντα·
3080 1829 3171 1920 μή
3214 1859 3348 1919 μου

727 1924 1098 2001 πυνθάνου
1139 1937 1291 2021 περὶ
1337 1922 1441 2001 ῶν
1481 1930 1572 2022 μὴ
1615 1928 1991 2022 μεμάθηκα.
2076 1927 2253 2004 ἀλλὰ
2293 1939 2405 2003 καὶ
2460 1926 2499 2004 6
2543 1931 2773 2020 τυχῶν
2814 1929 3005 2002 εἶπεν
3048 1929 3135 2000 ἂν
3176 1931 3350 2019 πρὸς
3382 1948 3437 2000 21

627 2045 693 2099 15
727 2025 971 2114 αὐτόν,
1026 2035 1094 2099 τί
1137 2032 1220 2120 δὴ
1263 2023 1391 2102 οῦν
1433 2029 1690 2102 σαυτὸν
1731 2032 2089 2116 σκώπτεις,
2134 2030 2498 2118 ἄνθρωπε,·
2556 2038 2627 2102 τί
2678 2035 2748 2101 δὲ
2800 2029 2975 2101 κατὰ
3026 2036 3350 2119 κρημνῶν

727 2125 964 2213 ῶθετς,
1023 2136 1179 2216 περὶ
1224 2121 1328 2200 ῶν
1369 2129 1460 2220 μὴ
1503 2129 1901 2220 μεμάθηκας
1944 2126 2333 2221 ὁριζόμενος
2384 2128 2769 2220 ἐγγράφως;
2834 2138 2904 2202 τί
2963 2134 3035 2200 δὲ
3085 2128 3175 2218 μὴ
3230 2157 3353 2216 φυ-

727 2225 995 2312 λάττεις
1055 2227 1099 2300 ἃ
1157 2231 1342 2317 παρὰ
1405 2237 1552 2303 τῶν
1611 2234 2188 2322 ἐκκλησιαστικῶν
2210 2238 2571 2319 ’πατέρων
2630 2257 2707 2302 τε
2756 2237 2869 2300 καὶ
2922 2226 3350 2302 διδασκάλων

725 2337 1169 2420 παρείληφας,
1218 2335 1228 2420 Ι
1275 2337 1694 2419 νεωτερίζεις
1746 2326 1810 2402 δ’
1866 2330 2187 2422 ἄντικρυς
2238 2338 2402 2402 νέαν
2452 2337 2565 2401 καὶ
2620 2337 3006 2420 ξενίζουσαν
3056 2326 3351 2417 εἰσάγων
3382 2338 3449 2394 54

637 2483 648 2494 .
725 2435 830 2518 τῷ
875 2437 1002 2518 βίῳ
1047 2427 1491 2520 διαστροφήν,
1537 2427 1752 2520 ἀρχήν
1797 2459 1872 2503 τε
1912 2429 2335 2520 πρόσκαιρον
2376 2437 2487 2501 καὶ
2534 2423 2875 2516 νεωτέραν
2920 2435 3005 2516 τῇ
3047 2435 3349 2518 βασιλείᾳ

625 2542 694 2596 20
729 2535 856 2600 τοῦ
899 2537 1203 2617 Χριστοῦ
1247 2529 1474 2613 διδοὺς
1515 2535 1629 2600 καὶ
1675 2528 1931 2620 ταύτης
1959 2537 2160 2613 τέλος
2186 2527 2661 2618 ὑφιστάμενος,
2704 2534 2815 2599 καὶ
2860 2528 2987 2599 τὸν
3028 2533 3154 2616 μὲν
3188 2523 3349 2615 ἀλη-

726 2635 878 2711 θῶς
919 2635 1259 2718 μονογενῆ
1305 2635 1434 2702 τοῦ
1475 2635 1645 2702 θεοῦ
1688 2629 1840 2700 υἱὸν
1886 2626 2300 2718 ἀρνούμενος
2354 2628 2565 2717 λόγον
2622 2633 2697 2700 δὲ
2752 2627 2963 2714 ψιλὸν
3026 2623 3348 2698 ἀνούσιον

726 2732 837 2799 καὶ
883 2722 1364 2802 ἀνυπόστατον
1405 2726 1923 2818 ὑποτιθέμενος,
1980 2722 2063 2801 ὃν
2106 2724 2256 2801 οὐδ’
2302 2728 2540 2817 ἕτερον
2582 2723 2625 2817 ἢ
2666 2729 2741 2799 ἓν
2782 2734 2894 2798 καὶ
2938 2724 3199 2799 ταύτὸν
3243 2732 3344 2817 τῷ

726 2832 872 2916 θεῷ
919 2829 1092 2900 εἶναι
1121 2827 1275 2917 φής,
1317 2824 1355 2900 ὃ
1399 2828 1482 2919 δὴ
1525 2834 1637 2901 καὶ
1679 2835 1814 2913 πᾶς
1858 2834 2039 2901 εἴποι
2083 2859 2169 2901 αν
2198 2826 2609 2919 ἀρνούμενος
2653 2829 2783 2901 τὸν
2808 2827 2961 2899 υἱὸν
3000 2833 3129 2897 τοῦ
3155 2834 3345 2909 θεοῦ,

727 2898 1039 3013 εἰκότως
1082 2925 1164 3000 οὖ
1211 2928 1336 3019 γὰρ
1382 2929 1526 3013 υἱὸς
1573 2924 1612 3000 6
1657 2928 1748 3019 μὴ
1797 2925 2113 3017 ὑφεστῶς
2158 2924 2379 3018 λόγος,
2424 2926 2521 3011 ῶς
2578 2922 2803 3000 ούδΗ
2767 2957 2806 3000 ο
2864 2931 2941 2998 ἐν
2982 2922 3347 3027 ἀνθρώπῳ
3381 2930 3440 2983 22

623 3040 691 3096 25
728 3022 932 3116 λόγος
971 3028 1192 3112 viae*
1149 3058 1238 3101 αν
1263 3056 1434 3101 ποτε
1471 3031 1711 3119 ῥηθείη
1753 3025 2151 3115 ἀνθρώπου,
2194 3034 2493 3117 ἐνεργεία
2533 3024 2708 3117 μόνῃ
2753 3030 2827 3098 ἐν
2872 3033 2975 3116 τῷ
3018 3004 3349 3099 λαλοῦντι

728 3124 1226 3217 συνιστάμενος.
1311 3134 1566 3200 τοῦτον
1611 3126 1675 3200 δ’
1708 3132 1783 3201 ἐκ
1825 3136 1955 3201 τοῦ
1995 3128 2255 3215 πατρὸς
2294 3126 2430 3216 πρὸ
2474 3131 2656 3200 ἐτῶν
2696 3123 2845 3199 οὐδ’
2879 3120 3069 3199 ολων
3113 3153 3349 3212 τετρα-

723 3236 980 3299 κοσίων
1023 3227 1134 3299 διὰ
1177 3234 1298 3317 τῆς
1341 3224 1752 3319 ἀναλήψεως
1811 3234 1937 3317 τῆς
1995 3226 2245 3315 σαρκὸς
2302 3226 2455 3299 υἱὸν
2510 3232 2682 3299 θεοῦ
2740 3232 3143 3315 γεγενῆσθαι
3200 3224 3349 3295 ἄνω

724 3322 919 3398 κάτω
965 3326 1116 3416 φῄς,
1161 3335 1272 3399 καὶ
1314 3323 1570 3418 Ἰησοῦν
1610 3336 1722 3400 καὶ
1755 3326 2061 3417 Χριστὸν
2106 3324 2527 3417 ὠνομάσθαι,
2573 3324 2805 3398 εἰκόνα
2845 3352 2923 3394 τε
2972 3330 3135 3397 »τοῦ
3176 3331 3347 3396 θεοῦ

725 3431 853 3497 τοῦ
897 3420 1230 3513 ἀοράτου(
1279 3435 1682 3518 χρηματίσαι
1724 3434 1836 3497 καὶ
1886 3424 2380 3514 »πρωτότοκον
2420 3424 2641 3514 πάσης
2692 3432 3050 3508 κτίσεωςι,
3105 3428 3219 3493 καὶ
3262 3420 3345 3511 δὴ

623 3540 691 3594 30
723 3531 834 3595 καὶ
864 3532 1138 3610 βασιλέα
1169 3525 1330 3599 τότε
1360 3534 1694 3616 γενέσθαι,
1742 3524 2121 3616 ἀρξάμενον
2148 3526 2427 3599 τούτων
2464 3522 2799 3598 ἀπάντων
2842 3528 2915 3595 ἐκ
2960 3529 3086 3595 τοῦ
3128 3526 3345 3613 δηλω-

727 3631 980 3708 θέντος
1006 3624 1277 3714 χρόνου,
1314 3630 1549 3698 ἔπειτα
1575 3634 1792 3717 καιρῷ
1825 3632 1950 3717 τῆς
1980 3634 2363 3710 συντελείας
2392 3624 2669 3697 τούτων
2698 3620 3035 3697 ἀπάντων
3060 3618 3345 3709 ἀθρόως

723 3723 1217 3816 παυθήσεσθαι.
1300 3734 1438 3799 ποῦ
1499 3726 1582 3816 δὴ
1643 3730 1768 3799 οὖν
1829 3733 2047 3797 ταῦτα
2105 3722 2529 3815 μεμάθηκας,
2601 3734 2703 3806 τίς
2762 3728 2841 3794 δέ
2896 3746 3005 3795 σοι
3066 3721 3342 3794 τούτων
3376 3730 3439 3785 23

724 3832 1016 3948 κατέστη
1046 3823 1463 3911 διδάσκαλος,
1509 3836 1615 3910 τίς
1643 3823 2057 3910 ἐπισκόπων,
2102 3844 2290 3896 ποῖαι
2320 3822 2616 3908 σύνοδοι,
2652 3841 2861 3896 ποῖον
2890 3826 3342 3910 ἐκκλησιαστι-

725 3933 873 3997 κῶν
918 3922 1191 4013 ἀνδρῶν
1235 3923 1531 4016 γράμμα;
1600 3932 1738 3998 ποῦ
1791 3932 1869 3997 δέ
1914 3948 2023 3997 σοι
2076 3923 2160 3997 τὸ
2206 3930 2398 4013 σῶμα
2442 3924 2525 3995 τὸ
2572 3920 2932 3997 ἀθάνατον
2972 3919 3345 4010 χωρήσειεν

622 4036 690 4089 35
726 4022 877 4114 <αν>
941 4031 1067 4097 τοῦ
1119 4031 1455 4114 σωτῆρος;
1526 4022 1889 4098 ἀθάνατον
1946 4024 2071 4113 γὰρ
2134 4020 2496 4113 ὁμολογῶν
2554 4031 2667 4094 καὶ
2725 4034 2920 4095 θετον
2982 4015 3343 4110 ὀνομάζων

661 1050 694 1102 0!

898 4196 935 4251 8
971 4196 1092 4250 Joh.
1131 4200 1177 4260 1,
1213 4195 1246 4249 3
1285 4225 1345 4234 —
1383 4195 1419 4250 ὅ
1456 4196 1482 4247 I
1519 4195 1644 4250 Kor.
1683 4198 1764 4261 15,
1800 4197 1883 4250 28.
1920 4196 1987 4250 24
2038 4226 2104 4233 -
2157 4196 2195 4250 9
2233 4195 2345 4263 vgl.
2382 4192 2476 4247 Nr.
2518 4194 2617 4248 108
2649 4222 2715 4233 -
2757 4192 2833 4248 18
2870 4180 3341 4261 vgl.Nr.1oe-

727 4296 804 4352 22
839 4296 953 4367 vgl.
971 4296 1064 4351 Nr.
1083 4298 1150 4352 62
1177 4326 1242 4335 —
1281 4296 1422 4353 26¹1
1452 4296 1564 4365 vgl.
1583 4296 1676 4350 Nr.
1692 4296 1806 4352 102.
1826 4298 1943 4351 103.
1962 4298 2027 4351 37
2047 4312 2177 4349 usw.
2198 4324 2265 4335 —-
2284 4294 2363 4351 28
2402 4294 2525 4351 Kol.
2547 4297 2679 4359 1,15
2697 4324 2765 4334 —
2784 4294 2859 4350 85
2886 4292 2998 4363 vgl.
3020 4312 3064 4347 z.
3084 4294 3147 4347 B.
3166 4291 3256 4346 Nr.
3276 4294 3344 4347 98

897 4446 926 4502 1
969 4447 1091 4501 νυνὶ
1125 4447 1252 4502 and.
1289 4448 1366 4502 St.
1401 4454 1502 4503 νῦν
1538 4448 1588 4500 V
1641 4446 1650 4512 Ι
1708 4447 1778 4502 15
1829 4444 2039 4501 σαυτὸν
2076 4446 2153 4499 V²
2194 4442 2367 4501 αὐτὸν
2408 4446 2489 4499 V·
2544 4446 2553 4513 Ι
2604 4444 2684 4502 24
2740 4438 2853 4499 οὐδ’
2892 4440 2925 4497 ὁ
2962 4442 3035 4497 ΚΙ
3070 4439 3201 4497 οὐδὲ
3236 4442 3285 4495 V
3332 4476 3337 4484 ·

727 4550 806 4605 26
841 4556 1048 4605 τοῦτον
1081 4548 1166 4604 ΒΘ
1197 4554 1368 4605 τοῦτο
1407 4548 1457 4601 V
1487 4550 1496 4616 Ι
1527 4548 1652 4604 271
1679 4542 1801 4603 ἄνω
1837 4545 1994 4603 κάτω
2030 4578 2095 4587 -—
2130 4542 2477 4615 ὠνομάσθαι
2512 4546 2583 4601 ΚΙ
2619 4546 2753 4616 (vgl.
2778 4544 2875 4613 Re)
2912 4540 3071 4599 κάτω
3096 4572 3163 4584 —-·
3198 4539 3341 4598 ὠνο·

722 4648 946 4718 μάσθαι
981 4644 1101 4706 ἄνω
1139 4649 1189 4702 V
1241 4650 1250 4718 Ι
1305 4649 1382 4706 85
1419 4644 1492 4705 ἂν
1528 4648 1634 4705 We
