3694 5582
1293 523 1397 580 Die
1431 524 1764 594 Fragmenta
1797 526 2071 582 Marcelle.
2868 538 2983 599 195

369 690 802 763 προσεύξονται·
862 688 951 749 ὅτι
1003 688 1064 749 ἐν
1118 695 1210 749 σοὶ
1257 690 1289 747 ὁ
1335 692 1495 759 θεός,
1547 693 1646 747 καὶ
1689 686 1799 749 οὐκ
1845 687 1996 749 ἔστιν
2033 690 2204 759 ἄλλος
2238 698 2382 763 πλήν
2420 712 2541 751 σου.
2613 694 2680 751 σὺ
2715 696 2827 767 γὰρ
2865 690 2918 752 εἷ
2951 693 2984 751 ὁ

369 777 550 841 θεός.«
626 774 767 852 ὁρᾷς
820 772 977 843 ὅπως
1029 778 1344 851 πρόρριζον
1388 774 1694 848 ἀνατρέπει
1737 780 1840 846 τὴν
1882 784 1997 833 τῶν
2032 774 2685 851 ἑτεροδιδασκαλούντων
2722 776 2985 851 ἔντεχνον

366 863 732 932 κακουργίαν.

536 1046 629 1101 Nr.
669 1047 736 1100 56
771 1046 872 1115 (Re
906 1047 994 1116 51)
1041 1043 1338 1103 κάνταῦθα
1384 1042 1600 1115 ὁμοίως
1643 1042 1677 1100 ὁ
1713 1047 2015 1117 προφήτης
2056 1048 2192 1116 περὶ
2231 1055 2336 1103 τοῦ
2378 1050 2480 1117 τὴν
2515 1048 2801 1119 ἡμετέραν
2837 1046 2983 1105 ἀνει·

303 1138 334 1189 5
367 1130 616 1198 ληφότος
651 1127 837 1201 σάρκα
872 1130 1048 1201 λόγου
1083 1130 1414 1201 διαλέγεται.

535 1314 628 1369 Nr.
666 1316 731 1368 5?
768 1313 868 1381 (Re
903 1314 990 1382 51)
1045 1321 1270 1384 πνεῦμα
1324 1322 1484 1381 σκιᾶς
1527 1312 1825 1383 ποιητικὸν
1880 1310 1984 1369 οὐκ
2035 1308 2109 1370 ἄν
2160 1334 2304 1372 ποτε
2346 1314 2592 1386 γένοιτο.
2664 1324 2888 1385 πνεῦμα
2924 1316 2983 1373 δὲ

369 1392 457 1453 ὅτι
492 1394 661 1463 αὐτὸς
698 1395 730 1452 ὁ
767 1398 921 1464 θεός,
959 1397 990 1453 ὁ
1029 1401 1216 1469 σωτὴρ
1253 1392 1360 1467 ἔφη
1401 1406 1654 1467 »πνεῦμα
1692 1396 1724 1454 ὁ
1760 1398 1947 1465 θεόςα.
2008 1394 2095 1454 ὅτι
2130 1399 2191 1456 δὲ
2226 1396 2258 1455 ὁ
2293 1400 2432 1466 θεὸς
2456 1407 2577 1471 φῶς
2612 1398 2778 1466 ἐστιν,
2817 1398 2986 1465 αὐτὸς

366 1482 612 1539 διδάσκει
647 1484 797 1552 ἡμᾶς
835 1480 979 1553 »ἐγώ
1017 1482 1132 1552 εἰμι
1170 1482 1236 1538 τὸ
1275 1489 1424 1553 φῶςε
1463 1483 1659 1553 λέγων.

535 1668 626 1722 Νι·.
665 1669 732 1723 58
767 1668 868 1735 (Re
903 1670 988 1736 52)
1034 1669 1120 1733 τίς
1154 1666 1265 1739 γὰρ
1303 1656 1484 1733 οἵτως
1517 1665 1554 1735 ἢ
1587 1674 1703 1723 τῶν
1739 1662 1920 1738 ἁγίων
1956 1664 2213 1739 ἀγγέλων
2246 1666 2283 1737 ἢ
2308 1666 2532 1741 ἀνδρῶν
2566 1671 2797 1726 δικαίων
2834 1669 2983 1737 ἀξιό-

269 1747 333 1800 10
367 1768 564 1816 πιστος
599 1750 668 1820 ἦν
701 1754 802 1821 τὴν
838 1748 903 1807 ἐκ
937 1749 1259 1821 προσώπου
1300 1759 1406 1808 τοῦ
1449 1755 1592 1808 θεοῦ
1645 1748 1979 1823 ὁρισθεῖσαν
2029 1750 2182 1827 αὐτῷ
2230 1756 2511 1825 τιμωρίαν
2564 1759 2751 1822 λῦσαι,
2806 1753 2861 1811 εἰ
2908 1758 2985 1825 μὴ

367 1836 538 1903 αὐτὸς
573 1834 606 1890 ὁ
641 1836 816 1906 λόγος
850 1834 883 1890 ὁ
920 1834 1239 1907 συμπαρὼν
1272 1855 1335 1893 τε
1381 1838 1482 1893 καὶ
1525 1834 1928 1905 συμπλάττων,
1982 1835 2128 1904 πρὸς
2180 1834 2247 1893 ὃν
2300 1836 2333 1893 ὁ
2384 1840 2571 1910 πατὴρ
2630 1842 2985 1909 »ποιήσωμεν

367 1916 711 1991 ἄνθρωπον«
751 1916 857 1990 ἔφη
897 1915 1049 1976 »κατ’
1089 1919 1285 1976 εἰκόνα
1320 1919 1604 1991 ἡμετέραν
1637 1922 1737 1977 καὶ
1772 1917 2096 1989 ὁμοίωσινι,
2136 1919 2243 1977 οὐκ
2276 1917 2443 1987 ὄντος
2478 1918 2673 1993 ἑτέρου
2708 1928 2851 1981 θεοῦ
2883 1933 2986 1981 τοῦ

369 2004 746 2071 συμπλάττειν
790 2003 944 2076 αὐτῷ
979 2004 1311 2074 δυναμένου.
1388 2001 1560 2075 »ἐγὼα
1609 2002 1722 2075 γάρ
1767 2002 1908 2073 εἰμι,
1962 2006 2157 2073 φησίν,
2215 2004 2383 2071 »θεὸς
2434 2013 2668 2077 πρῶτος
2716 2010 2817 2065 καὶ
2870 2005 2986 2079 ἐγὼ

367 2087 510 2158 μετὰ
556 2096 758 2157 ταῦτα,
811 2091 912 2144 καὶ
953 2091 1098 2158 πλὴν
1137 2088 1280 2158 ἐμοῦ
1315 2088 1454 2153 θεὸς
1489 2084 1686 2159 ἕτερος
1723 2086 1829 2144 οὐκ
1880 2083 2081 2144 ἔστινκ.
2154 2083 2285 2145 οὔτε
2334 2082 2435 2145 οὖν
2490 2090 2835 2162 νεώτερός
2886 2112 2988 2159 τις

271 2172 334 2223 15
370 2173 531 2238 θεὸς
567 2171 658 2243 ἦν,
706 2168 836 2229 οὔτε
872 2167 1044 2238 ἄλλος
1077 2193 1162 2239 τις
1201 2172 1375 2241 »μετὰ
1409 2180 1616 2228 ταῦτα·
1656 2172 1795 2238 θεὸς
1829 2166 1914 2227 ὢν
1950 2175 2071 2244 θεῷ
2108 2182 2396 2244 συνεργεῖν
2440 2176 2677 2242 δυνατὸς
2712 2174 2795 2247 ἦν.
2866 2174 2990 2233 ἀλλ’

369 2252 432 2314 εἴ
471 2276 554 2323 τις
605 2264 790 2331 μικρῷ
842 2276 951 2313 τινι
1001 2256 1101 2313 καὶ
1151 2256 1498 2331 ἀνθρωπίνῳ
1551 2250 1688 2312 καθ’
1739 2257 1889 2326 ἡμᾶς
1946 2258 2364 2329 παραδείγματι
2413 2256 2713 2329 χρώμενος
2765 2256 2845 2327 ὼς
2897 2261 2985 2319 διὰ

369 2339 594 2407 εἰκόνος
643 2344 744 2410 τὴν
798 2342 964 2398 θείαν
1019 2339 1273 2409 ἐξετάζοι
1323 2346 1555 2414 πρᾶξιν·
1623 2334 1822 2414 ὥσπερ
1877 2336 1949 2397 ἄν
2000 2360 2085 2407 τις
2136 2338 2611 2415 ἀνδριαντοποιὸς
2662 2342 2987 2415 ἐπιστήμων

368 2422 544 2495 ἀνήρ,
599 2423 907 2498 ἀνδριάντα
951 2423 1165 2483 πλάσαι
1208 2428 1582 2499 βουλόμενος,
1617 2432 1866 2495 πρῶτον
1918 2425 2024 2494 μὲν
2058 2424 2190 2491 τοὺς
2223 2424 2434 2492 τύπους
2469 2426 2645 2483 αὐτοῦ
2676 2431 2777 2485 καὶ
2808 2450 2983 2503 χαρα-

369 2516 580 2581 κτῆρας
613 2508 675 2567 ἐν
711 2507 895 2584 ἑαυτῷ
931 2518 1156 2575 σκοπεῖ,
1203 2506 1399 2567 ἔπειτα
1434 2509 1652 2575 πλάτος
1684 2528 1746 2566 τε
1779 2512 1879 2567 καὶ
1912 2512 2095 2579 μῆκος
2130 2505 2271 2567 ὅσον
2306 2506 2583 2585 εὐπρεπὲς
2610 2510 2816 2583 ἐννοεῖ,
2852 2512 2985 2571 ἀνα-

271 2589 336 2645 20
367 2596 567 2666 λογίαν
603 2614 664 2651 τε
698 2602 802 2652 τοῦ
839 2596 1055 2661 παντὸς
1099 2592 1162 2651 ἐν
1193 2603 1274 2668 τῷ
1315 2588 1452 2651 καθ’
1487 2590 1730 2651 ἕκαστον
1775 2591 2025 2662 ἐξετάζει
2075 2594 2262 2668 μέρει,
2311 2600 2528 2666 χαλκοῦ
2583 2614 2641 2651 τε
2678 2598 2779 2665 τὴν
2814 2597 2985 2669 πρόσ·

371 2698 554 2750 φορον
613 2675 922 2748 ἑτοιμάσας
977 2674 1114 2749 ῧλην
1181 2683 1278 2736 καὶ
1335 2676 1438 2735 τὸν
1495 2676 1772 2747 ἐσόμενον
1830 2675 2139 2750 ἀνδριάντα
2200 2685 2269 2749 τῇ
2332 2675 2539 2735 ἑαυτοῦ
2600 2680 2989 2752 προτυπώσας

371 2764 592 2840 διανοίᾳ
643 2766 741 2820 καὶ
791 2772 1008 2834 νοητῶς
1056 2761 1202 2836 ὁρᾶν
1254 2764 1492 2833 νομίσας
1545 2760 1812 2831 συνειδώς
1861 2782 1924 2820 τε
1978 2758 2163 2838 ἑαυτῷ
2218 2770 2513 2835 συνεργεῖν
2546 2760 2651 2821 τὸν
2684 2767 2885 2836 λόγον,
2938 2756 2984 2840 ᾧ

369 2851 654 2919 λογίζεται
703 2851 802 2904 καὶ
839 2839 885 2920 ᾧ
919 2847 1107 2905 πάντα
1143 2849 1416 2922 πράττειν
1451 2845 1657 2906 εἴωθεν
1711 2847 1896 2918 (οὐδὲν
1940 2849 2051 2922 γὰρ
2096 2851 2173 2918 μὴ
2210 2850 2363 2924 λόγῳ
2398 2851 2739 2920 γιγνόμενον
2773 2851 2989 2920 καλόν),

372 2929 692 3005 ἀρχόμενος
734 2939 834 3001 τῆς
879 2933 1152 3003 αἰσθητῆς
1201 2933 1409 3004 ταύτης
1459 2931 1728 3006 ἐργασίας
1763 2931 1911 3007 πρὸς
1945 2927 2151 2988 ἑαυτὸν
2204 2931 2284 2999 ὼς
2318 2929 2465 3006 πρὸς
2499 2929 2701 3006 ἕτερον
2736 2953 2985 3002 παρακε·

275 3009 336 3063 25
369 3015 592 3072 λεύεται
643 3016 850 3087 λέγων·
909 3014 1014 3088 ἄγε
1067 3021 1420 3088 ποιήσωμεν,
1473 3013 1580 3089 ἄγε
1632 3017 1941 3086 πλάσωμεν
1985 3014 2317 3086 ἀνδριάντα·
2378 3011 2559 3084 οὕτως
2604 3015 2636 3072 ὁ
2680 3025 2798 3073 τῶν
2834 3013 2986 3075 ὅλων

369 3101 643 3170 δεσπότης
684 3097 824 3168 θεὸς
877 3096 983 3158 τὸν
1031 3097 1291 3174 ἔμψυχον
1343 3099 1408 3158 ἐκ
1459 3108 1560 3172 γῆς
1613 3099 1919 3172 ἀνδριάντα
1972 3108 2157 3158 ποιῶν
2210 3093 2315 3157 οὐκ
2366 3097 2519 3175 ἄλλῳ
2569 3104 2679 3158 τινὶ
2729 3099 2871 3159 ἀλλὰ
2906 3111 2985 3174 τῷ

371 3178 575 3240 ἑαυτοῦ
617 3184 771 3255 λόγῳ
817 3185 1267 3261 παρακελεύεται
1309 3186 1492 3258 λέγων
1554 3189 1914 3256 ιποιήσωμεν
1964 3181 2341 3256 ἄνθρωπονα,
2395 3179 2467 3242 ου’
2508 3181 2613 3240 τὸν
2658 3180 2833 3242 αὐτὸν
2870 3195 2990 3254 τοῖς

371 3263 564 3335 ἄλλοις
597 3271 840 3342 τρόπον·
884 3273 1039 3346 λόγῳ
1074 3273 1188 3344 γὰρ
1223 3270 1256 3340 ἡ
1294 3277 1451 3327 πᾶσα
1491 3268 1718 3341 ἐγένετο
1755 3272 1949 3335 κτίσις.

541 3453 632 3509 Nr.
661 3457 728 3510 59
763 3456 862 3522 (Re
887 3458 974 3524 53)
1011 3455 1080 3511 οὐ
1117 3454 1227 3526 γὰρ
1264 3457 1327 3524 δὴ
1367 3453 1563 3525 ἑτέρας
1598 3449 1941 3523 ἑτοιμασίας,
1980 3445 2107 3509 οἷον
2140 3441 2275 3522 ὕλης
2310 3448 2540 3522 ἢάλλης
2574 3447 2730 3518 τινὸς
2766 3451 2989 3521 ἀνθρω·

273 3539 338 3592 30
371 3538 559 3605 πίνης,
617 3537 650 3594 ὁ
701 3535 842 3604 θεὸς
892 3536 1070 3596 ἐδεῖτο
1125 3535 1272 3610 πρὸς
1321 3541 1704 3607 κατασκευήν,
1761 3535 1905 3594 ἀλλὰ
1956 3536 2161 3606 ταύτης
2214 3543 2312 3605 τῆς
2356 3533 2417 3594 ἐν
2452 3543 2522 3607 τῇ
2560 3536 2736 3593 αὐτοῦ
2770 3541 2991 3613 διανοίᾳ

373 3616 715 3690 ἑτοιμασίας.
786 3620 910 3679 ἐπεὶ
963 3617 1064 3679 οὖν
1118 3621 1400 3680 ἀδύνατον
1456 3621 1521 3692 ἦν
1571 3625 1750 3692 χωρὶς
1801 3623 1977 3692 λόγου
2031 3623 2131 3676 καὶ
2182 3627 2281 3690 τῆς
2331 3619 2657 3693 προσούσης
2708 3629 2787 3694 τῷ
2838 3623 2991 3696 λόγῳ

542 3825 710 3879 4-5
743 3824 868 3888 100,
908 3826 1046 3877 1--2
1081 3854 1148 3863 -
1189 3825 1352 3879 6-8
1389 3825 1514 3888 100,
1552 3825 1696 3877 4-6
1723 3852 1788 3861 -
1831 3823 2044 3879 9-—28
2079 3824 2157 3886 41,
2194 3822 2431 3884 23—42,
2467 3823 2563 3884 13;
2603 3825 2807 3879 9—12
2842 3817 2993 3892 (ἔφη)

371 3889 480 3954 119,
529 3891 694 3954 6—9;
745 3893 839 3948 15
890 3885 1050 3958 (ἀλλ’)
1088 3921 1153 3930 -
1189 3891 1412 3962 (λέγων)
1457 3893 1568 3958 119,
1614 3894 1847 3954 11—253
1904 3891 2002 3947 25
2053 3884 2223 3960 (ἄγει)
2270 3920 2329 3928 -
2373 3886 2726 3962 (ἀνδριάντα)
2782 3894 2863 3956 78,
2912 3893 2994 3946 14.

373 3958 443 4009 15
456 3959 493 4022 7,
530 3959 599 4010 21
632 3988 699 3997 —
739 3959 962 4015 29—8.
999 3961 1163 4028 196,
1203 3962 1248 4015 2
1283 3961 1374 4026 40,
1411 3960 1639 4012 27-32.
1680 3960 1790 4026 118,
1827 3959 2078 4024 32—119‚
2116 3959 2155 4010 3

543 4095 581 4148 6
614 4092 837 4164 Klagel.
871 4099 920 4156 4,
958 4095 1025 4148 20
1070 4124 1137 4134 -·
1180 4095 1207 4148 ἰ’
1253 4095 1375 4150 Joh.
1411 4098 1458 4156 4,
1497 4095 1564 4148 24
1609 4123 1673 4132 —-
1721 4095 1757 4150 8
1794 4092 1918 4148 Joh.
1953 4093 2005 4159 8,
2040 4094 2108 4147 12
2154 4123 2219 4130 —
2270 4093 2347 4148 10
2396 4093 2529 4148 Gen.
2568 4093 2618 4160 3,
2655 4093 2761 4148 19‘?
2806 4123 2871 4132 -—-
2922 4095 2993 4149 11

381 4159 515 4214 Gen.
551 4165 597 4228 1,
635 4163 702 4216 26
735 4191 802 4201 -
842 4162 917 4217 13
954 4163 1059 4216 Jes.
1095 4165 1180 4228 44,
1218 4164 1250 4217 6
1285 4191 1352 4201 —
1394 4164 1466 4218 15
1503 4161 1609 4216 JeS.
1647 4165 1730 4228 44,
1767 4163 1799 4217 6

549 4296 582 4349 1
619 4295 776 4366 θεός]
816 4305 879 4359 -1-
915 4293 1030 4353 ἐστι
1067 4315 1124 4350 m
1160 4296 1308 4349 LXX
1373 4299 1381 4360 Ι
1445 4291 1636 4364 ἄλλος]
1676 4290 1816 4360 θεὸς
1853 4295 1999 4348 LXX
2050 4295 2060 4364 Ι
2125 4297 2162 4351 9
2202 4294 2280 4364 ἢῖ]
2317 4303 2382 4358 -Ι-
2420 4301 2537 4350 τῶν
2572 4315 2628 4348 m
2692 4297 2699 4362 Ι
2768 4295 2841 4350 12
2879 4294 2995 4363 καὶ]

379 4371 441 4424 -1-
477 4355 613 4418 καθ’
657 4381 711 4417 m
785 4367 792 4432 Ι
871 4365 946 4419 16
998 4361 1370 4436 ἀνθρωπίνι]
1417 4369 1666 4435 ταπεινῷ
1717 4365 1798 4418 Re
1850 4363 1959 4433 vgl.
2008 4381 2075 4417 zu
2127 4361 2180 4416 S.
2216 4366 2298 4428 41,
2344 4365 2409 4417 31
2486 4364 2495 4429 Ι
2578 4365 2650 4418 17
2700 4358 2793 4430 ἄν]
2833 4371 2895 4424 -1-
2952 4361 3008 4419 εἰ

378 4431 492 4497 119,
531 4433 594 4484 13
657 4433 666 4498 Ι
733 4434 813 4487 20
857 4428 1137 4499 ἐξετάζειν
1193 4432 1239 4484 V
1275 4437 1309 4486 4
1347 4473 1359 4496 ‚
1395 4437 1429 4486 4
1479 4433 1560 4485 V*
1598 4435 1715 4499 119,
1753 4433 1818 4487 16
1882 4434 1891 4498 Ι
1954 4430 2027 4484 24
2072 4425 2244 4511 αίζτὸν
2282 4431 2331 4483 V
2364 4431 2448 4496 42,
2486 4431 2519 4484 8
2584 4433 2593 4498 Ι
2657 4431 2728 4485 27
2798 4425 3004 4486 ἑαυτοῦ

377 4497 1015 4634 ἔξρῖῗὶσῗξγῖἔῖωἷσί
1034 4495 1726 4635 ἄέῗᾳῖτῖῗγῖἔιέἷῗᾊῖἷί
1745 4497 2361 4630 έσέἱῖρῗνκῗιῗυὲξοννῖ.
2378 4497 2859 4633 (3395323432223132
2885 4499 3003 4620 ἓὲν]

373 4634 697 4756 ’ἕεις(εζὲτιεκίὶντηὲς]ν
733 4635 952 4756 {13:213}
1000 4635 1225 4690 Liicke‘?
1275 4588 1368 4690 Μιὸ
1437 4587 1750 4705 ὑπουργίάέ·
1791 4633 1871 4688 Ro
1922 4607 2185 4697 εἰκόνὸςὶ>
2228 4583 2337 4687 Ψξ
2390 4634 2502 4702 vgl.
2550 4651 2618 4686 zu
2662 4606 2713 4688 'S.
2748 4637 2833 4700 41,
2869 4634 2933 4686 21
2994 4633 3002 4701 1

664 4721 697 4756 υ
835 4742 847 4764 ,
883 4739 896 4754 .,
930 4721 932 4724 ’

2474 4784 2576 4838 13*
