3694 5582
1183 499 1250 554 de
1285 499 1656 558 ecclesiastica
1687 503 1972 572 theologia
2006 504 2081 557 III
2120 507 2337 560 11—13.
2934 515 3049 578 169

427 671 578 752 περὶ
623 664 938 754 βρώσεως
993 671 1114 754 τῆς
1165 669 1324 756 ἐμῆς
1377 664 1624 752 σαρκὸς
1679 673 1791 736 καὶ
1843 674 1997 756 περὶ
2040 665 2351 758 πόματος
2394 673 2521 740 τοῦ
2564 673 2727 758 ἐμοῦ
2770 672 3051 758 αἳματος

427 767 673 852 εἴρηκα,
716 771 879 854 μηδὲ
923 772 1322 854 ταραττέτω
1365 762 1534 854 ὑμᾶς
1577 762 1619 854 ἦ
1661 765 2020 857 πρόχειρος
2061 763 2233 858 ἀκοὴ
2288 775 2437 861 τῶν
2464 775 2619 857 περὶ
2648 775 2771 859 τῆς
2802 768 3048 857 σαρκὸς

425 871 536 934 καὶ
597 868 880 953 αἵματος
939 868 1309 955 εἰρημένων
1368 891 1506 952 μοι·
1580 872 1796 937 ταῦτα
1857 868 1982 957 γὰρ
2050 865 2283 940 »οὐδὲν
2346 865 2631 954 ῶφελεῖ(
2698 876 3047 959 αἰσθητῶς

427 960 836 1054 ἀκουόμενα,
903 961 983 1035 τὸ
1045 971 1115 1035 δὲ
1175 963 1438 1054 πνεῦμά
1498 971 1682 1038 ἐστιν
1738 966 1822 1039 τὸ
1890 974 2279 1053 ζωοποιοῦν
2337 966 2497 1050 τούς
2568 977 3046 1058 πνευματικῶς

358 1077 390 1131 5
427 1061 700 1136 ἀκούειν
743 1068 1168 1153 δυναμένους.
1256 1062 1404 1138 ἀλλ’
1451 1061 1489 1136 ὅ
1533 1064 1765 1149 καινὸς
1821 1066 2147 1157 ἐξηγητὴς
2209 1075 2355 1139 τῶν
2418 1069 2866 1156 εὐαγγελικῶν
2925 1098 3043 1159 μα·
3082 1083 3111 1135 7

429 1161 766 1252 θημάτων
807 1169 1013 1253 μηδὲν
1059 1163 1334 1237 τούτων
1362 1174 1597 1250 συνείς,
1644 1163 2027 1238 ἐπάκουσον
2058 1161 2250 1251 ὅπως
2278 1167 2523 1256 γράφει
2554 1174 2778 1257 λέγων
2807 1167 3043 1250 αὐταῖς

427 1273 786 1350 συλλαβαῖς

552 1369 690 1450 (Nr.
738 1371 880 1451 105)
942 1369 1069 1435 τοῦ
1131 1359 1582 1453 ἀνθρωπίνου
1643 1360 1992 1454 ἁψάμενος
2052 1364 2370 1456 σώματος
2428 1372 2537 1438 καὶ
2600 1372 2817 1454 δείξας
2878 1365 3047 1439 αῦτὸ

545 1483 690 1548 τοῖς
735 1459 990 1555 ὁρῶσιν
1057 1470 1302 1536 »τοῦτο
1355 1461 1526 1552 ὑμᾶς
1570 1470 2061 1552 σκανδαλίζει;«
2128 1470 2257 1555 ἔφη
2325 1465 2481 1538 »ἐὰν
2526 1459 2650 1538 οὖν
2694 1470 2876 1555 ’ίδητε
2922 1466 3048 1538 τὸν

325 1575 392 1630 10
551 1565 703 1636 υἱὸν
744 1569 872 1635 τοῦ
917 1558 1301 1650 ἀνθρώπου
1342 1560 1651 1649 ἀνιόντα,
1707 1558 1885 1637 ὅπου
1944 1557 2031 1655 ἦν
2083 1565 2167 1637 τὸ
2211 1562 2583 1655 πρότερον,·
2643 1564 2725 1638 τὸ
2784 1573 3048 1657 πνεῦμα

553 1674 890 1750 ζωοποιεῖ,
937 1659 978 1751 ἦ
1019 1663 1185 1752 σὰρξ
1227 1659 1426 1736 οῦδὲν
1469 1661 1781 1751 ῶφελετι.

425 1762 595 1852 πρὸς
639 1757 722 1833 ὃν
764 1754 850 1852 ἦν
895 1767 1132 1834 εἰπεῖν·
1203 1769 1315 1834 καὶ
1358 1759 1582 1835 πόθεν
1624 1786 1758 1848 σοι,
1824 1757 1882 1835 ῶ
1927 1782 2218 1852 γενναῖε,
2273 1762 2313 1854 ἡ
2359 1763 2719 1855 προσθήκη
2763 1773 2911 1838 τῶν
2954 1765 3043 1857 μὴ
3079 1785 3114 1840 8

431 1869 832 1952 φερομένων
873 1865 949 1932 ἐν
997 1869 1076 1950 τῇ
1121 1859 1514 1951 εῦαγγελικῇ
1555 1871 1814 1952 γραφῆ;
1866 1861 1947 1936 τὸ
1990 1863 2115 1953 γὰρ
2160 1870 2287 1935 τοῦ
2328 1859 2781 1952 ἀνθρωπίνου
2824 1867 3046 1956 σῶμα·

431 1993 550 2045 τος
595 1959 946 2050 ἁψάμενον
988 1962 1118 2034 τὸν
1162 1968 1436 2053 σωτῆρα
1477 1971 1590 2033 καὶ
1635 1969 1945 2048 δείξαντα
2008 1961 2175 2036 αὐτὸ
2230 1982 2376 2046 τοῖς
2420 1959 2675 2052 ὁρῶσιν
2719 1967 3047 2054 εἰρηκέναι

323 2077 391 2130 15
434 2070 682 2135 »τοῦτο
723 2060 894 2152 ὑμᾶς
939 2068 1423 2148 σκανδαλίζει,·«
1471 2063 1655 2151 παρὰ
1686 2069 1941 2136 σαυτοῦ
1969 2060 2294 2145 πλάττεις
2326 2071 2438 2134 καὶ
2480 2062 2609 2153 τὴν
2638 2062 3047 2154 προσθήκην

429 2161 564 2235 ἀπὸ
617 2167 868 2234 σαυτοῦ
911 2173 1256 2234 ποιεῖσθαι
1307 2168 1579 2254 τολμᾷς.
1666 2157 1703 2234 ὃ
1767 2161 1849 2252 δὴ
1912 2159 2223 2251 τόλμημα
2286 2158 2446 2251 παρ’
2508 2164 2756 2234 ἑαυτοῦ
2816 2166 3045 2250 λαβῶν

428 2267 751 2334 ἐντεῦθεν
797 2265 1012 2333 οἴεται
1055 2259 1599 2350 παρασκευάζειν,
1655 2265 1905 2352 ἔρημον
1948 2268 2070 2350 τῆς
2112 2266 2445 2350 ἐνεργείας
2490 2267 2617 2334 τοῦ
2659 2261 2871 2351 λόγου
2916 2263 3047 2352 τὴν

428 2358 638 2450 σάρκα
681 2369 808 2433 τοῦ
850 2367 1157 2450 σωτῆρος
1199 2360 1891 2452 καταλειφθήσεσθαι,
1937 2367 2155 2451 λέγων

554 2465 690 2547 (Nr.
742 2469 884 2549 104)
936 2465 994 2531 εἰ
1045 2453 1172 2532 οὖν
1207 2455 1525 2550 ὁμολογεῖ
1574 2461 1700 2551 τὴν
1743 2461 1957 2551 σάρκα
1998 2466 2209 2550 μηδὲν
2252 2459 2549 2548 ῶφελετν
2592 2457 2831 2546 αὐτόν,
2894 2471 3044 2544 πῶς

323 2572 394 2627 20
553 2567 838 2653 ἐγχωρεῖ
875 2559 1004 2650 τὴν
1049 2565 1124 2632 ἐκ
1166 2567 1286 2650 γῆς
1331 2589 1406 2632 τε
1450 2554 1661 2633 οὖσαν
1704 2569 1816 2632 καὶ
1875 2565 2087 2651 μηδὲν
2148 2557 2553 2647 ῶφελοῦσαν
2610 2568 2724 2633 καὶ
2781 2565 2855 2632 ἐν
2896 2582 3042 2645 τοῖς

551 2669 912 2751 μέλλουσιν
956 2665 1194 2732 αἰῶσιν
1239 2657 1336 2742 ῶς
1380 2657 1568 2751 αὐτῷ
1615 2668 2098 2733 λυσιτελοῦσαν
2143 2681 2435 2732 συνεῖναι
2480 2666 2579 2749 τῷ
2628 2657 2843 2751 λόγῳ;
2922 2671 2931 2744 Ι
3083 2687 3196 2743 181

424 2756 612 2836 οῦτω
656 2769 780 2852 μὲν
824 2753 948 2834 οὖν
991 2757 1280 2851 ἀμαθῶς
1320 2768 1430 2831 καὶ
1476 2757 2033 2852 ἀνεπιστημόνως
2077 2761 2205 2851 τὴν
2234 2757 2669 2851 εὐαγγελικὴν
2711 2789 3045 2853 παρερμη-

424 2868 652 2934 νεῦσαι
696 2861 938 2951 φωνὴν
983 2858 1292 2950 ῶρμὴθη.
1378 2867 1490 2931 καὶ
1535 2868 1683 2933 τῶν
1730 2859 2214 2934 ἀποστολικῶν
2275 2868 2347 2933 δὲ
2413 2856 2667 2949 ὁμοίως
2720 2860 3047 2951 ῥημάτων

424 2957 879 3050 διαστρόφους
921 2958 1261 3051 ἐξηγήσεις
1305 2965 1621 3033 ἐποιεῖτο.

315 3080 385 3135 25
591 3066 672 3134 13
733 3056 974 3132 αὐτίκα
1029 3066 1194 3149 γοῦν
1237 3066 1312 3132 ἐν
1355 3079 1503 3143 ταῖς
1544 3057 1877 3150 Πράξεσιν
1940 3068 2086 3133 τῶν
2128 3057 2544 3134 ἀποστόλων
2607 3068 2731 3133 τοῦ
2782 3068 3046 3150 Πέτρου
3104 3076 3261 3152 ὅπως
3294 3088 3396 3155 τὴν

422 3168 578 3249 περὶ
624 3166 750 3231 τοῦ
793 3166 1102 3249 σωτῆρος
1147 3156 1342 3250 ἡμῶν
1387 3158 1738 3248 εἰρηκότος
1786 3155 1907 3232 »ὃν
1936 3166 2039 3231 δεῖ
2067 3156 2363 3247 οὐρανὸν
2390 3166 2513 3249 μὲν
2545 3166 2863 3245 δέξασθαι
2893 3159 3042 3248 ἄχρι
3110 3160 3219 3239 ῖθῖἶ
3246 3156 3381 3225 Xoa-

422 3256 696 3349 χρόνων
739 3255 1416 3343 ἀποκαταστάσεωςι,
1461 3258 1550 3348 μὴ
1597 3258 1846 3349 νοήσας
1890 3260 2021 3349 τὴν
2063 3266 2190 3331 τοῦ
2234 3258 2443 3348 λόγου
2485 3256 2795 3331 διάνοιαν
2824 3264 3043 3332 ἐντεῦ-
3079 3226 3407 3345 πῗὲῑέἶσμ

423 3370 550 3430 θεν
614 3359 742 3449 τὴν
800 3366 1142 3445 βασιλείαν
1201 3364 1326 3429 τοῦ
1388 3364 1688 3447 Χριστοῦ
1747 3357 2187 3449 περιγράφειν
2246 3364 2586 3447 πειρᾶται,
2660 3353 2827 3447 ὅρον
2888 3358 3044 3430 τινὰ
3078 3352 3258 3478 ἆρᾶὴν
3284 3354 3414 3438 ,μὲν

425 3457 713 3545 φάσκων
755 3466 866 3530 καὶ
909 3466 1336 3547 προθεσμίαν
1378 3465 1502 3549 τῆς
1552 3468 1887 3544 βασιλείας
1941 3456 2154 3531 αὐτοῦ
2214 3465 2589 3548 δηλοῦσθαι
2646 3458 2755 3530 διὰ
2815 3457 2897 3530 τὸ
2942 3466 3043 3529 λε’-
3102 3441 3392 3560 ξὴέφὲζῑῗ-,ι

313 3576 388 3632 30
423 3571 663 3647 γεσθαι
741 3556 926 3646 »ἄχρι
994 3554 1269 3647 χρόνων
1337 3554 2017 3641 ἀποκαταστάσεωςι.
2120 3556 2200 3629 τὸ
2262 3555 2431 3630 αὐτὸ
2505 3563 2576 3629 δὲ
2652 3563 2761 3632 87*
2826 3563 3039 3629 τοῦτο
3077 3577 3111 3629 2
3216 3594 3411 3647 τετρα-

422 3666 867 3730 συνίστασθαί
911 3680 1116 3748 φησιν
1161 3664 1273 3728 καὶ
1317 3655 1426 3729 διὰ
1469 3664 1598 3731 τοῦ
1643 3655 2033 3744 φάσκοντος
2074 3663 2345 3745 Ψαλμοῦ
2394 3655 2653 3729 »κάθου
2695 3664 2771 3729 ἐκ
2801 3663 3042 3744 δεξιῶν
3132 3662 3350 3747 ²5⁰⁶le

421 3786 553 3846 μου
597 3759 726 3841 ἕως
770 3755 857 3828 ἂν
897 3766 1012 3829 θῶ
1051 3758 1212 3841 τοῦς
1250 3756 1540 3845 ἐχθρούς
1599 3779 1722 3830 σου
1771 3753 2159 3829 ὑποπόδιον
2211 3764 2359 3827 τῶν
2400 3764 2645 3831 ποδῶν
2687 3781 2877 3841 (Jove,
2931 3765 3043 3829 καὶ
3077 3722 3416 3862 ἓωέξεῖξλὲξ

421 3864 699 3930 Παῦλον
743 3863 814 3928 δὲ
859 3856 986 3929 τὸν
1047 3854 1444 3929 ἀπόστολον
1503 3856 1611 3928 διὰ
1672 3864 1885 3929 τοῦτο
1932 3863 2262 3946 εἰρηκέναι
2317 3855 2398 3928 τὸ
2467 3864 2603 3929 »δεῖ
2650 3857 2774 3946 γὰρ
2829 3854 3044 3929 αὐτὸν
3076 3870 3150 3933 τῆ
3227 3882 3411 3919 συνϊε·

421 3956 794 4042 βασιλεύειν
839 3959 966 4041 ἕως
1011 3954 1095 4027 ἂν
1137 3962 1233 4045 θῇ
1278 3954 1438 4037 τοὺς
1481 3956 1766 4044 ἐχθροὺς
1810 3953 1945 4029 ὕπὸ
1990 3956 2151 4038 τούς
2188 3952 2405 4037 πόδας
2450 3953 2729 4029 αὐτοῦι·
2792 3956 2874 4028 τὸ
2919 3955 3043 4046 γὰρ
3078 3932 3413 4071 λ’ἕὲιοὲιξέῧ

311 4072 386 4127 35
428 4058 630 4141 »ἕωςι
679 4064 787 4128 καὶ
823 4055 906 4129 τὸ
943 4056 1165 4175 »ἄχριι
1201 4062 1734 4145 περιωρισμένου
1761 4053 2015 4145 χρόνου
2044 4056 2460 4145 σημαντικὸν
2488 4058 2660 4128 εἶναι
2696 4052 3043 4141 ὑπέλαβεν.
3118 4041 3375 4137 διαστρόῖ

421 4154 808 4229 ἐπάκουσον
849 4162 1016 4246 γοῦν
1060 4152 1252 4239 όπως
1294 4154 1470 4225 κατὰ
1515 4162 1698 4242 λέξιν
1741 4152 1983 4245 γράφει
2026 4163 2247 4245 λέγων
3097 4151 3409 4270 φὲῑῖἶεῶἒν

591 4328 628 4383 9
666 4326 790 4383 Joh.
827 4327 875 4394 6,
911 4326 1114 4383 61-63
1151 4355 1218 4364 —
1258 4325 1398 4381 1811
1428 4324 1538 4395 vgl.
1573 4325 1667 4380 Νι.
1705 4328 1804 4381 105
1839 4355 1906 4365 -
1943 4326 2019 4382 15
2058 4324 2181 4381 Joh.
2216 4326 2262 4391 6,
2301 4326 2363 4380 61
2401 4354 2466 4365 -
2506 4326 2584 4383 26
2630 4328 2752 4380 Aet.
2790 4326 2837 4394 3,
2874 4326 2938 4380 21
2976 4356 3041 4366 -
3076 4288 3409 4411 θξῗὲντῆζ-

421 4430 499 4486 8⁰
533 4432 657 4485 Aet.
693 4430 742 4497 3,
779 4430 844 4483 21
881 4458 947 4468 -
984 4427 1059 4482 ει
1102 4426 1187 4481 Pe.
1226 4428 1341 4491 109,
1380 4430 1407 4481 1
1447 4457 1514 4466 —
1551 4427 1630 4483 83
1664 4428 1694 4482 1
1729 4428 1861 4483 xor.
1897 4429 1978 4491 15,
2015 4428 2082 4483 25
3078 4400 3411 4537 φῶζείὶεὲνη·

589 4580 626 4637 8
661 4576 1040 4651 γραψάμενος
1075 4578 1150 4643 V,
1187 4596 1322 4635 corr.
1362 4578 1438 4631 V²
1498 4578 1508 4645 Ι
1575 4578 1652 4634 16
1687 4574 1749 4632 δὲ
1783 4578 1883 4641 V*,
1922 4594 2057 4631 corr.
2096 4576 2173 4631 V²
2208 4593 2255 4630 a.
2292 4576 2357 4631 R.
2424 4577 2431 4643 !
2497 4576 2578 4633 25
2630 4576 2751 4631 hier
2784 4594 2832 4631 a.
2871 4576 2931 4630 R.
2968 4571 3040 4648 ιβ’

419 4682 468 4734 V
533 4684 544 4750 Ι
609 4680 686 4737 81
724 4688 828 4737 τοῦ
863 4680 941 4735 V2
974 4686 1146 4737 τοῦτο
1184 4681 1264 4734 V*
1631 4690 1642 4707 ·
