3694 5582
1157 503 1226 558 de
1260 503 1632 558 ecclesiastica
1665 503 1954 574 theologia
1987 504 2066 558 111
2100 507 2148 559 4.
2187 507 2235 560 5.
2885 514 2999 574 159

382 665 492 736 διὰ
535 665 616 754 δὴ
663 663 938 737 τούτων
981 672 1092 736 καὶ
1135 671 1285 736 τῶν
1329 663 1601 750 τούτοις
1656 660 2009 754 δμοίωνκρ
2063 665 2481 753 σοφώτατος)
2526 674 2843 754 πειρᾶται
2886 697 3008 738 κα·
3060 733 3070 745 ,

381 763 814 882 τασκευάζειν
857 765 978 835 ἕνα
1019 772 1129 836 καὶ
1176 763 1301 836 τὸν
1344 762 1558 838 αὐτὸν
1603 767 1771 838 εἶναι
1816 763 2011 854 <τὸν>
2054 772 2317 854 πατέρα
2368 773 2477 837 καὶ
2522 766 2650 839 τὸν
2694 765 2843 838 υἱὸν
2890 773 2999 836 καὶ

379 863 462 934 τὸ
528 869 538 952 Ι
605 856 800 954 ἅγιον
841 871 1120 948 πνεῦνα,
1183 873 1398 954 τριῶν
1457 860 1823 955 ὀνομάτων
1883 864 2060 936 κατὰ
2111 871 2265 954 μιᾶς
2315 862 2753 948 ύποστάσεως
2794 872 3155 955 aestu-4169

379 993 540 1034 νων.
627 960 783 1034 οὐδὲ
825 963 952 1052 γὰρ
996 968 1070 1036 ἐν
1113 963 1388 1048 τούτοις
1432 971 1722 1054 συνῆκεν
1768 994 1959 1046 οπως
2001 972 2113 1035 καὶ
2160 994 2198 1036 ο
2244 964 2388 1048 υίὸς
2430 971 2505 1036 ἐκ
2561 971 2687 1036 τοῦ
2734 962 2999 1054 πατρὸς
3033 987 3067 1041 6
3260 987 3273 1002 ’

308 1077 340 1128 5
377 1061 866 1152 ἐκπορεύεσθαι
909 1069 1173 1152 λέγεται
1217 1073 1328 1136 καὶ
1372 1062 1456 1136 τὸ
1501 1057 1698 1153 ἅγιον
1740 1071 2002 1152 πνεῦμα
2065 1059 2349 1153 ὁμοίως,
2410 1062 2565 1136 οὐδὲ
2620 1071 2855 1154 νοῆσαι
2900 1069 2999 1135 δε·
3114 1073 3123 1084 “
3236 1084 3243 1092 ’

376 1161 661 1251 δύνηται
718 1170 869 1247 πῶς
929 1170 1082 1252 περὶ
1135 1171 1261 1236 τοῦ
1314 1160 1508 1254 ἆγίου
1544 1162 1931 1254 πνεύματος
1984 1164 2170 1236 εἶπεν
2215 1159 2252 1235 ὁ
2298 1163 2524 1252 σωτὴρ
2568 1160 2651 1235 τὸ
2719 1167 2829 1234 »ἐκ
2875 1169 3001 1236 τοῦ

374 1264 537 1352 ἐμοῦ
587 1258 882 1351 λήψεται
939 1269 1054 1334 καὶ
1118 1257 1473 1352 ἀναγγελεῖ
1531 1259 1758 1351 -ύμῑνι,
1822 1261 1977 1335 οὐδὲ
2020 1269 2174 1345 πῶς
2218 1283 2361 1345 τοῖς
2407 1259 2619 1336 αὐτοῦ
2662 1273 3000 1353 μαθηταῖς

374 1358 754 1452 ἐμφυσήσας
798 1363 928 1451 ἔφη
980 1359 1254 1449 »λάβετε
1297 1369 1561 1453 πνεῦμα
1591 1357 1842 1451 ἕγιονι.
1917 1355 1955 1434 ὃ
2001 1362 2081 1451 δὴ
2126 1381 2272 1445 τοῖς
2302 1359 2587 1446 εύσεβῶς
2616 1369 3000 1452 θεωροῦσιν
3056 1360 3105 1388 ”

375 1463 614 1554 ῥᾳδίαν
679 1463 808 1548 ἕξει
867 1463 996 1552 τὴν
1059 1461 1281 1547 λύσιν,
1342 1469 1400 1533 εἰ
1459 1459 1804 1550 λογίσαιτό
1868 1492 1971 1544 τις
2034 1458 2129 1545 ῶς
2190 1457 2228 1532 ό
2280 1461 2425 1544 υἱὸς
2471 1458 2571 1534 ἀεὶ
2616 1464 2843 1534 συνών
2886 1470 3000 1533 καὶ

281 1579 342 1633 10
377 1563 754 1650 συμπαρών
775 1569 878 1652 τῷ
909 1569 1116 1651 πατρὶ
1151 1567 1312 1633 εἴσω
1331 1591 1468 1633 που
1498 1559 1723 1649 ῶσπερ
1753 1567 1829 1633 ἐν
1860 1557 2135 1643 ἀδύτοις
2163 1568 2275 1632 καὶ
2304 1557 2581 1645 ἀβάτοις
2612 1567 2733 1651 τῆς
2762 1590 3001 1654 πατρι-

376 1658 501 1751 κῆς
545 1668 880 1747 βασιλείας
908 1659 1270 1750 ἐτύγχανεν
1313 1657 1443 1746 ὤν,
1487 1663 1635 1732 εἶτα
1665 1668 1736 1733 δὲ
1766 1665 1879 1733 ἐπὶ
1906 1667 2208 1752 σωτηρίᾳ
2240 1666 2367 1732 τοῦ
2410 1667 2557 1731 τῶν
2600 1657 3002 1751 ἀνθρώπων

377 1768 616 1849 γένους
657 1760 832 1849 πρὸς
876 1768 1004 1832 τοῦ
1046 1758 1308 1849 πατρὸς
1351 1757 1858 1850 ἐκπεμπόμενος
1918 1765 1993 1831 ἐκ
2044 1766 2173 1833 τοῦ
2214 1757 2477 1848 πατρὸς
2518 1764 2999 1851 ἐξεληλυθέναι

377 1860 623 1933 ἑαυτὸν
671 1863 912 1949 ἔλεγεν.
1001 1853 1039 1931 ὃ
1085 1859 1166 1950 δὴ
1209 1868 1321 1930 καὶ
1367 1862 1658 1979 ἑτέρωθι
1703 1859 1811 1932 διὰ
1855 1865 2249 1950 παραβολῆς
2290 1857 2541 1949 ἐδήλου
2569 1867 2721 1948 περὶ
2754 1862 2997 1932 ἑαυτοῦ

376 1966 600 2048 λέγων
666 1965 991 2049 »ἐξῆλθεν
1044 1955 1082 2032 ὁ
1127 1967 1428 2048 σπείρων
1469 1967 1595 2031 τοῦ
1635 1977 1968 2050 σπεῖραιε·
2028 1958 2256 2031 πόθεν
2316 1957 2443 2050 γὰρ
2504 1965 2792 2049 ἐξῆλθεν
2834 1957 2877 2050 ἢ
2920 1966 2997 2032 ἐκ
3031 1979 3061 2031 7

279 2077 340 2130 15
375 2065 526 2130 τῶν
567 2055 920 2131 ἐνδοτάτω
964 2066 1324 2144 βασιλείων
1367 2065 1488 2149 τῆς
1531 2065 1863 2149 πατρικῆς
1906 2056 2275 2150 θεότητος,·
2316 2059 2493 2130 κατὰ
2524 2065 2595 2130 δὲ
2626 2059 2753 2132 τὸν
2784 2057 2997 2132 αύτον

377 2154 590 2246 λόγον
631 2166 745 2228 καὶ
788 2159 872 2231 τὸ
917 2151 1112 2247 α’γιον
1153 2167 1416 2250 πνεῦμα
1458 2159 1794 2247 παρεστὸς
1845 2157 1949 2232 αεὶ
1992 2167 2097 2250 τῷ
2140 2157 2383 2249 θρόνῳ
2426 2166 2553 2230 τοῦ
2594 2166 2790 2245 θεοῦ,
2852 2164 2997 2231 ἐπεὶ

332 2264 483 2328 κκαὶ
535 2263 798 2346 »μυρίαι
854 2255 1206 2348 μυριάδες(
1271 2257 1769 2349 παρεστήκασιν
1835 2256 2023 2349 αύτῷ
2083 2259 2261 2330 κατὰ
2322 2257 2449 2330 τὸν
2494 2258 2773 2350 Δανιὴλ,
2839 2257 2994 2331 ἅπε-

373 2361 694 2430 στέλλετο
747 2365 858 2428 καὶ
907 2354 1104 2442 αύτό,
1166 2365 1339 2432 ποτε
1390 2365 1513 2448 μὲν
1566 2364 1641 2431 ἐν
1680 2363 1836 2430 εἴδει
1878 2365 2275 2447 περιστερᾶς
2316 2362 2425 2430 ἐπὶ
2468 2357 2598 2430 τὸν
2658 2358 2809 2429 υἱὸν
2868 2365 2995 2429 τοῦ

374 2452 770 2546 ἀνθρώπου,
814 2465 988 2530 ποτὲ
1031 2464 1105 2529 δὲ
1149 2455 1253 2544 ἐφ’
1302 2459 1588 2530 ἕκαστον
1633 2465 1780 2529 τῶν
1807 2464 2194 2547 προφητῶν
2232 2464 2342 2528 καὶ
2372 2463 2520 2528 τῶν
2552 2453 2992 2530 ἀποστόλων·

278 2571 340 2626 20
373 2555 478 2627 διὸ
523 2561 600 2626 ἐκ
641 2563 768 2628 τοῦ
809 2556 1071 2646 πατρὸς
1115 2555 1602 2645 ἐκπορεύεσθαι
1644 2564 1754 2628 καὶ
1799 2554 1969 2629 αύτὸ
2014 2561 2290 2647 εἴρηται.
2360 2561 2471 2626 καὶ
2502 2563 2569 2626 τί
2600 2552 2991 2644 θαυμάζεις,·
3024 2571 3059 2626 8

374 2650 587 2728 ὁπότε
631 2663 742 2728 καὶ
785 2661 940 2744 περὶ
984 2663 1110 2728 τοῦ
1153 2653 1474 2742 διαβόλου
1519 2665 1826 2730 λέλεκται
1877 2665 2021 2726 »καὶ
2065 2661 2355 2746 ἐξῆλθεν
2398 2650 2437 2727 ὁ
2470 2651 2785 2739 διάβολος
2811 2654 2996 2744 παρὰ

373 2762 498 2829 τοῦ
541 2763 810 2845 κυρίου(
857 2761 970 2828 καὶ
1014 2754 1331 2844 δεύτερον
1373 2753 1584 2829 πάλιν
1628 2761 1889 2847 εἴρηται
1938 2760 2263 2846 »ἐξῆλθεν
2306 2760 2377 2827 δὲ
2422 2749 2459 2827 ό
2505 2752 2822 2843 διάβολος
2860 2752 2997 2828 ἀπὸ

373 2862 498 2927 τοῦ
539 2865 832 2945 κυρίουι.
919 2850 1140 2945 εῧροις
1181 2853 1246 2926 δ’
1295 2854 1380 2927 ἂν
1421 2865 1533 2928 καὶ
1577 2861 1687 2929 ἐπὶ
1715 2863 1842 2927 τοῦ
1869 2853 2126 2945 Ἀχαάβ,
2174 2851 2320 2927 ἔνθ’
2365 2860 2668 2945 ἐπιφέρει
2699 2852 2739 2946 ἦ
2769 2856 2997 2946 γραφὴ

370 2961 480 3030 83'
549 2964 696 3027 »καὶ
755 2961 1044 3047 ἐξῆλθεν
1113 2962 1376 3045 πνεῦμα
1436 2955 1750 3045 πονηρὸν
1807 2964 1921 3027 καὶ
1980 2958 2140 3047 ἔστη
2202 2956 2507 3029 ἐνώπιον
2578 2964 2818 3045 κυρίου
2885 2962 2998 3028 καὶ

279 3068 338 3123 25
373 3054 584 3127 εἶπεν·
658 3056 792 3144 ἐγώ
837 3052 1168 3145 ἀπατήσω
1231 3052 1498 3127 αύτόνι.
1585 3052 1758 3129 ἀλλὰ
1820 3062 2037 3129 ταῦτα
2100 3064 2223 3145 μὲν
2284 3060 2559 3128 ἐναντία
2620 3054 2987 3147 πνεύματα,
3022 3070 3057 3122 9

373 3148 566 3238 ὅπως
609 3160 680 3226 δὲ
722 3161 834 3226 καὶ
878 3162 1037 3228 τίνα
1071 3152 1338 3244 τρόπον
1381 3159 1658 3245 εἴρηται,
1705 3152 1788 3227 ού
1830 3162 1955 3227 νῦν
1996 3154 2233 3245 καιρὸς
2274 3166 2887 3244 πολυπραγμονεῖν.
2950 3150 2989 3227 ὁ

371 3259 444 3325 δὲ
501 3254 878 3345 μονογενὴς
935 3252 1081 3338 υἱὸς
1140 3262 1269 3328 τοῦ
1329 3262 1502 3327 θεοῦ
1561 3258 1636 3325 ἐκ
1695 3260 1823 3327 τοῦ
1884 3254 2143 3344 πατρὸς
2203 3260 2685 3343 ἐξεληλυθέναι
2744 3252 2992 3325 ἑαυτὸν

372 3349 665 3425 διδάσκει
728 3352 836 3426 διὰ
897 3354 979 3426 τὸ
1043 3373 1338 3426 συνεῖναι
1398 3350 1586 3443 αὐτῷ
1649 3351 1981 3435 πάντοτε,
2042 3360 2154 3423 καὶ
2214 3353 2297 3425 τὸ
2363 3346 2558 3443 ἅγιον
2618 3359 2691 3424 δὲ
2732 3360 2995 3444 πνεῦμα

371 3448 624 3541 ὁμοίως
667 3454 902 3541 ἕτερον
943 3450 1250 3543 ύπάρχον
1293 3452 1480 3541 παρὰ
1523 3452 1649 3524 τὸν
1693 3450 1858 3524 υἱόν.
1946 3446 1983 3525 ὃ
2028 3451 2109 3544 δὴ
2155 3460 2395 3541 σαφῶς
2437 3449 2645 3536 αὐτὸς
2690 3446 2729 3523 ό
2760 3452 2992 3541 σωτὴρ

273 3564 336 3619 30
367 3561 772 3643 παρίστησιν
815 3559 1039 3642 λέγων
1088 3558 1200 3625 »ἐκ
1241 3558 1368 3624 τοῦ
1411 3556 1574 3641 ἐμοῦ
1616 3551 1909 3641 λήψεται
1958 3561 2072 3625 καὶ
2116 3548 2469 3642 α’ναγγελεῑ
2506 3548 2720 3642 ύμτνι.
2807 3551 2988 3623 ἄντι-

366 3681 529 3740 κρυς
571 3652 698 3743 γὰρ
741 3651 1255 3740 παραστατικὸν
1317 3649 1401 3723 ἂν
1461 3655 1561 3739 εἴη
1625 3658 1835 3724 τοῦτο
1896 3658 2023 3723 τοῦ
2082 3651 2171 3741 μὴ
2224 3654 2395 3723 εἶναι
2448 3654 2522 3722 ἓν
2575 3661 2686 3721 καὶ
2731 3647 2988 3723 ταύτόν

367 3752 496 3825 τὸν
537 3750 692 3824 υἱὸν
749 3760 864 3824 καὶ
925 3751 1008 3823 τὸ
1071 3746 1265 3839 ἅγιον
1325 3757 1614 3840 πνεῦμα·
1687 3751 1768 3823 τὸ
1832 3749 1957 3841 γὰρ
2017 3748 2172 3840 παρ’
2237 3753 2471 3840 ἑτέρου
2529 3748 2881 3841 λαμβάνον
2918 3780 2987 3823 τι

370 3853 606 3941 ἕτερον
646 3850 831 3939 παρὰ
875 3850 1004 3923 τὸν
1047 3848 1324 3921 διδόντα
1369 3869 1640 3921 νοεῖται.
1705 3858 1716 3937 Ι
3025 3870 3147 3926 1¹7⁰

529 3956 572 4024 5
615 3957 726 4021 καὶ
773 3944 883 4021 ότι
925 3979 1000 4040 γε
1045 3947 1278 4039 ἕτερόν
1323 3955 1508 4022 ἐστιν
1553 3949 1636 4021 τὸ
1679 3957 1941 4040 πνεῦμα
1984 3948 2067 4021 τὸ
2113 3978 2307 4040 αγιον
2360 3957 2487 4021 τοῦ
2526 3955 2676 4021 υἱοῦ
2718 3947 2985 4039 διαρρή-
3072 3966 3230 4037 ὅπως
3281 3969 3314 4025 ὁ

269 4060 330 4117 35
365 4054 492 4138 δην
534 4057 644 4121 καὶ
691 4046 1042 4139 διαφόρως
1086 4046 1525 4133 λευκοτάτοις
1587 4047 1875 4139 ρήμασιν
1935 4045 2140 4132 αὐτὸς
2202 4045 2241 4121 ὁ
2301 4053 2534 4139 σωτὴρ
2594 4056 2704 4121 καὶ
2755 4047 2985 4138 κύριος

3020 4041 3218 4125 σωτὴρ
3226 4040 3359 4110 περὶ

3018 4114 3123 4163 τοῦ
3190 4102 3357 4177 ἁγίου

533 4219 573 4275 ο
605 4219 733 4276 soh.
769 4222 852 4287 16,
891 4224 956 4275 14
990 4250 1056 4260 -
1093 4220 1130 4276 s
1167 4219 1288 4277 Joh.
1327 4222 1408 4284 20,
1445 4220 1512 4273 22
1545 4249 1612 4259 -
1651 4220 1730 4276 14
1775 4220 1951 4274 Mark.
1984 4223 2034 4283 4,
2071 4222 2103 4276 3
2138 4220 2263 4275 Par.
2316 4250 2383 4260 —
2444 4221 2513 4277 ιτ
2555 4219 2694 4274 Dan.
2732 4220 2779 4287 7,
2818 4221 2983 4275 10-
3018 4172 3343 4309 πέᾓύαὲξὲς

365 4321 441 4377 18
495 4320 634 4375 Luk.
670 4322 718 4388 3,
755 4322 822 4376 22
872 4351 940 4361 -
995 4320 1069 4377 21
1108 4320 1254 4377 Hiob
1291 4323 1340 4383 1,
1379 4322 1445 4375 12
1496 4352 1562 4361 —
1623 4323 1700 4377 22
1756 4320 1905 4377 Hiob
1940 4322 1988 4389 2,
2028 4324 2057 4376 7
2107 4351 2174 4360 -
2231 4322 2309 4378 24
2345 4322 2372 4375 1
2404 4321 2544 4376 Κδῃ.
2582 4322 2664 4387 22,
2701 4323 2765 4375 21
2803 4351 2870 4360 -
2904 4320 2985 4377 80

363 4421 488 4477 Joh.
529 4422 610 4489 16,
648 4424 716 4477 14

531 4574 567 4629 2
604 4570 710 4629 τὸν
744 4574 816 4627 Kl
881 4574 890 4641 Ι
957 4574 987 4630 7
1031 4570 1250 4629 οὐδέπω
1285 4578 1408 4638 τοῖς
1443 4572 1542 4633 V*‚
1579 4588 1714 4628 oorr.
1755 4574 1832 4627 V²
1894 4574 1903 4642 Ι
1969 4574 2047 4629 28
2086 4566 2208 4629 ἔνθ’
2240 4574 2333 4629 Mo
2370 4567 2472 4630 εἶτ’
2508 4574 2557 4628 V
2621 4575 2630 4641 Ι
2696 4574 2773 4629 29
2810 4568 2985 4645 ὖπάρ·

358 4692 478 4743 χων
498 4674 596 4742 V*‚
631 4690 767 4730 corr.
786 4673 866 4728 V2
893 4674 903 4742 Ι
933 4674 1008 4731 81
1049 4669 1112 4729 ἓν
1131 4674 1208 4728 V²
1241 4691 1288 4729 a.
1308 4674 1371 4730 R.
1408 4669 1474 4729 253>
1495 4674 1575 4727 V*
1609 4676 1618 4743 Ι
1647 4673 1866 4730 Mhier
1897 4670 1947 4727 δ’
1980 4674 2114 4729 a..R.
2136 4676 2184 4728 V
2216 4677 2224 4744 Ι
2255 4674 2399 4732 873
2433 4670 2779 4731 ἐδίδασκενδ.
2793 4674 2989 4740 137,10
