3694 5582
1176 501 1245 557 de
1279 503 1650 560 ecclesiastica
1681 505 1969 576 theologia.
2002 507 2028 559 1
2064 507 2213 561 1-3.
2916 515 2995 578 63

299 701 306 708 ·
387 663 686 754 εἰσάγων,
730 672 834 757 τῷ
863 665 996 756 τὴν
1023 661 1402 738 ῦπόστασιν
1430 662 1732 754 ἀναιρεῖν
1761 673 1889 739 τοῦ
1925 671 2096 754 υἱοῦ,
2142 669 2262 740 ἕνα
2305 674 2377 738 δὲ
2419 667 2591 741 θεὸν
2634 665 2994 758 ὁρίζεσθαι,

383 773 492 838 καὶ
551 772 804 838 τοῦτον
869 767 1118 838 ἑαυτοῦ
1174 772 1438 854 πατέρα
1495 773 1607 837 καὶ
1665 759 1752 838 αὖ
1809 765 2022 839 πάλιν
2079 765 2233 840 υἱὸν
2292 764 2664 842 ἀποκαλεῖν
2736 771 2996 841 ἑαυτοῦ.

386 864 590 954 λόγον
630 865 758 956 γὰρ
801 867 974 937 εἶναι
1016 864 1176 948 δούς
1220 862 1347 937 τὸν
1389 871 1466 938 ἐν
1507 873 1612 957 τῷ
1655 873 1830 957 θεῷ,
1899 867 1971 936 ἓν
2014 895 2089 938 τε
2132 873 2243 939 καὶ
2286 863 2545 939 ταύτὸν
2586 861 2759 940 ὄντα
2802 864 2992 959 αὐτῷ
3062 881 3096 936 3

384 972 637 1038 τοῦτον
681 960 1102 1054 ὁρισάμενος,
1165 971 1426 1054 πατέρα
1486 963 1742 1039 τούτου
1790 974 2221 1056 χρηματίζειν
2262 963 2477 1040 αὐτὸν
2519 969 2675 1057 ἔφη·
2748 963 2877 1040 τόν
2921 996 2995 1038 τε

318 1079 348 1131 5
383 1063 588 1154 λόγον
627 1062 778 1136 υἱὸν
819 1066 994 1137 εἶναι
1037 1062 1270 1150 αὐτοῦ,
1315 1062 1442 1137 οῦκ
1486 1061 1766 1155 ἀληθῶς
1811 1059 1983 1138 ὄντα
2024 1063 2179 1138 υἱὸν
2221 1071 2296 1139 ἐν
2336 1063 2568 1150 οὐσίας
2611 1064 2994 1151 ὑποστάσει,

379 1168 626 1253 κυρίως
668 1169 743 1234 δὲ
783 1171 898 1235 καὶ
941 1161 1222 1255 ἀληθῶς
1266 1158 1439 1236 ὄντα
1469 1161 1698 1254 λόγον.
1759 1169 2268 1256 ἐπισημαίνεται
2311 1173 2477 1256 γοῦν
2520 1159 2632 1238 ὅτι
2673 1165 2763 1256 μὴ
2792 1195 2997 1238 κατα-

377 1270 753 1353 χρηστικῶς
796 1260 1035 1353 λόγον,
1097 1261 1273 1337 ἀλλὰ
1313 1271 1566 1354 κυρίως
1606 1271 1718 1336 καὶ
1763 1262 2047 1355 ἀληθῶς
2090 1259 2261 1338 ὄντα
2313 1262 2553 1356 λόγον,
2612 1274 2726 1338 καὶ
2781 1273 2991 1356 μηδὲν

379 1364 615 1450 ἕτερον
655 1359 702 1452 ἢ
744 1360 972 1453 λόγον.
1061 1371 1118 1435 εί
1159 1369 1232 1436 δὲ
1272 1369 1482 1456 μηδὲν
1527 1365 1781 1452 ἕτερον,
1827 1372 2042 1455 δῆλον
2088 1363 2185 1451 ὥς
2227 1363 2383 1440 οὐδὲ
2424 1364 2571 1451 υἱὸς
2614 1357 2701 1456 ἦν
2740 1372 2991 1456 κυρίως
3058 1376 3095 1429 4

375 1469 485 1533 καὶ
525 1459 840 1554 ἀληθῶς,
900 1469 1089 1554 μέχρι
1132 1471 1204 1535 δὲ
1249 1471 1488 1555 φωνῆς
1529 1472 1640 1536 καὶ
1685 1460 2027 1556 όνόματος
2076 1475 2632 1556 καταχρηστικῶς
2686 1463 2992 1555 ὠνομασ-

283 1577 344 1630 10
375 1569 590 1651 μένος.
678 1565 752 1634 ἓν
795 1592 872 1636 τε
916 1565 1090 1638 εἶναι·
1130 1571 1348 1654 λέγων
1389 1572 1503 1636 καὶ
1545 1561 1805 1639 ταῦτὸν
1850 1573 1953 1655 τῷ
1997 1573 2146 1656 θεῷ
2192 1566 2319 1639 τὸν
2363 1563 2599 1656 λόγον,
2661 1563 2789 1636 τὸν
2840 1587 2992 1652 σαρ-

373 1671 694 1736 κωθέντα
734 1669 846 1735 καὶ
890 1668 964 1736 ἐκ
1007 1670 1129 1754 τῆς
1171 1671 1528 1752 παρθένου
1571 1672 1935 1755 τεχθέντα,
1995 1663 2167 1737 θεὸν
2228 1661 2441 1737 αὗτὸν
2504 1661 2865 1755 ἀπέφηνεν.
2953 1658 2991 1735 ὃ

373 1762 453 1852 δὴ
495 1759 712 1835 πάλαι
753 1770 866 1833 καὶ
907 1759 1261 1852 πρόπαλαι
1302 1763 1430 1836 τὸν
1471 1771 1853 1850 Σαβέλλιον
1896 1761 2371 1855 φθεγξάμενον
2416 1762 2907 1855 ἀπεδοκίμασεν
2950 1760 2993 1853 ἦ

373 1866 691 1953 ἐκκλησία
735 1868 862 1934 τοῦ
901 1869 1102 1948 θεοῦ,
1163 1881 1312 1947 τοῖς
1361 1860 1598 1949 ἀθέοις
1650 1862 1863 1938 αὐτὸν
1928 1864 2353 1952 αὶρεσιοόταις
2412 1870 2991 1956 <ἐγ>καταλέξασα.

534 1969 580 2036 2
621 1962 706 2035 τὸ
747 1969 872 2052 μὲν
915 1961 1040 2052 γὰρ
1083 1960 1256 2035 θεὸν
1297 1959 1654 2054 ὁμολογεῖν
1699 1965 1816 2036 ἕνα
1842 1963 2020 2055 πρὸς
2048 1960 2573 2056 ἀντιδιαστολὴν
2615 1969 2740 2054 τῆς
2765 1959 2992 2054 Ἑλλή-
3028 1971 3116 2032 ὅτι
3162 1981 3233 2047 τῇ
3273 1973 3359 2032 ἐκ·

281 2075 341 2130 15
373 2089 516 2134 νων
578 2069 930 2135 πολυθέου
985 2059 1254 2153 πλάνης
1303 2071 1576 2150 πρῶτοι
1627 2062 2129 2154 παρειλήφασιν
2170 2060 2511 2136 Ἰουδαίων
2570 2069 2819 2147 παῖδες.
2906 2060 2989 2135 τὸ
3058 2045 3339 2170 agna&

374 2166 442 2233 δὲ
482 2168 600 2234 καὶ
643 2168 903 2252 πατέρα
947 2162 1074 2236 τὸν
1115 2159 1331 2234 αὐτὸν
1371 2167 1523 2234 υἱοῦ
1564 2171 1975 2252 μονογενοῦς
2018 2171 2371 2253 γνωρίζειν
2407 2168 2754 2254 ἐξαίρετον
2798 2168 2992 2251 γέρας
3024 2181 3059 2251 ἡ
3106 2180 3361 2252 Χριστοῦ

371 2258 410 2350 ἡ
454 2259 646 2351 χάρις
690 2257 731 2353 ἦ
774 2260 1114 2354 σωτήριος
1157 2269 1243 2352 τῇ
1285 2267 1606 2356 ἐκκλησίᾳ
1639 2263 2032 2353 δεδώρηται.
2092 2261 2245 2335 υἱὸν
2288 2269 2359 2334 δὲ
2402 2260 2655 2354 Ἰησοῦν
2688 2259 2991 2352 Χριστὸν
3022 2247 3191 2373 Χξξιξ
3230 2250 3362 2372 πῗῖν

371 2357 590 2447 μόνον
619 2363 801 2433 οἶδεν
833 2368 946 2434 καὶ
975 2358 1221 2434 οὐδένα
1253 2363 1504 2452 ἕτερον,
1549 2362 1634 2436 οὗ
1657 2362 1838 2436 κατὰ
1869 2362 2000 2452 τὴν
2040 2368 2163 2452 τῆς
2205 2362 2453 2452 σαρκὸς
2496 2359 2582 2451 ἣν
2626 2357 2992 2450 ἀνείληφεν
3059 2334 3195 2454 τρες
3228 2385 3327 2439 aeaz

371 2466 634 2548 γένεσιν
677 2461 966 2552 (ταύτην
1007 2461 1134 2551 γὰρ
1178 2461 1431 2534 δούλου
1469 2463 1745 2554 μορφὴν
1785 2469 1900 2534 καὶ
1926 2459 2081 2534 υἱὸν
2122 2459 2505 2550 ἀνθρώπου
2545 2470 2779 2533 καλεῖν
2820 2464 2988 2531 δεδί-
3022 2449 3358 2586 ἕξξῦἐξέἷᾶἑζ

278 2577 339 2629 ‘20
373 2568 665 2648 δακται),
726 2558 902 2634 κατὰ
961 2567 1036 2633 δὲ
1095 2560 1225 2652 τὴν
1285 2567 1357 2649 ἐξ
1415 2559 1628 2635 αὐτοῦ
1679 2569 1806 2634 τοῦ
1847 2567 2019 2634 θεοῦ
2060 2569 2173 2632 καὶ
2212 2565 2479 2650 πατρὸς
2520 2557 2655 2649 πρὸ
2698 2556 2989 2632 πάντων
3024 2605 3127 2643 tov
3156 2538 3357 2656 ῥόωέή.

369 2660 652 2732 αἰώνων
696 2659 1059 2749 ἄγνωστον
1102 2678 1249 2744 τοῖς
1291 2667 1522 2734 πᾶσιν·
1592 2659 1750 2734 καθ’
1808 2659 1895 2751 ἢν
1948 2661 2031 2734 τὸ
2076 2658 2412 2751 πλήρωμα
2472 2666 2595 2750 τῆς
2656 2666 2990 2749 πατρικῆς
3116 2671 3273 2710 “0⁶¹⁰-

371 2756 710 2849 θεότητος
753 2766 864 2832 καὶ
909 2756 1122 2835 αὐτὸν
1165 2759 1316 2833 υἱὸν
1356 2760 1530 2835 θεὸν
1571 2759 2027 2852 ῦπεστήσατο,
2094 2756 2219 2832 οῦκ
2271 2756 2665 2851 ίδιόκτητον
2704 2767 2818 2832 καὶ
2866 2765 2991 2833 τοῦ

369 2859 634 2947 πατρὸς
679 2858 1164 2952 ἀφωρισμένην
1207 2868 1218 2950 Ι
1265 2858 1412 2935 οὐδ’
1459 2859 1760 2952 ἅναρχόν
1804 2891 1961 2935 τινα
2002 2867 2114 2933 καὶ
2166 2856 2545 2951 ἀγέννητον
2587 2857 2745 2933 οὐδὲ
2788 2858 2989 2933 ἄλλο·
3021 2882 3097 2937 62

371 2966 498 3031 θέν
541 2970 773 3032 ποθεν
816 2969 1016 3052 ξένην
1057 2969 1171 3033 καὶ
1213 2968 1342 3034 τοῦ
1383 2962 1649 3052 πατρὸς
1713 2959 2085 3051 ἀλλοτρίαν
2144 2956 2603 3050 ἐφελκόμενον
2663 2956 2987 3050 θεότητα,

277 3074 338 3129 25
371 3062 440 3145 ἐξ
481 3057 698 3149 αὐτῆς
741 3065 813 3131 δὲ
856 3068 979 3151 τῆς
1027 3066 1366 3151 πατρικῆς
1423 3069 1784 3151 μετουσίας
1850 3058 2080 3150 ὥσπερ
2142 3054 2281 3133 ἀπὸ
2339 3066 2561 3150 πηγῆς
2620 3055 2724 3131 ἐπ’
2778 3056 2991 3133 αὐτὸν

369 3166 828 3249 προχεομένης
867 3160 1360 3250 πληρούμενον.
1401 3168 1514 3235 49*
1539 3159 1734 3253 μόνῳ
1765 3161 1895 3252 γὰρ
1930 3165 2041 3233 »ἐν
2069 3156 2258 3251 αὐτῷ
2302 3166 2443 3233 πᾶν
2484 3158 2567 3231 τὸ
2610 3156 2985 3249 πλήρωμα(

371 3264 492 3349 τῆς
553 3265 892 3349 πατρικῆς
950 3263 1242 3333 ἐνοικεῖν
1308 3258 1721 3351 »θεότητοςι
1791 3256 1831 3334 ό
1892 3267 2094 3351 μέγας
2155 3262 2545 3332 ἐπαίδευσεν
2584 3254 2990 3340 ἀπόστολος.

369 3357 472 3429 διὸ
517 3358 606 3447 δὴ
647 3359 742 3443 εἷς
782 3356 946 3444 θεὸς
989 3366 1076 3449 τῇ
1119 3366 1437 3453 ἐκκλησίᾳ
1490 3367 1618 3433 τοῦ
1677 3366 1849 3435 θεοῦ
1906 3360 2345 3451 κηρύττεται,
2413 3364 2559 3430 »καὶ
2624 3354 2749 3429 οὐκ
2807 3358 2991 3428 ἔστιν
3098 3422 3105 3430 ,

352 3459 603 3546 ἕτερος
646 3456 832 3547 πλὴν
875 3454 1154 3531 αὖτοῦι·
1215 3458 1312 3544 εἷς
1355 3467 1428 3533 δὲ
1469 3466 1582 3534 καὶ
1611 3459 1985 3550 μονογενὴς
2026 3464 2155 3531 τοῦ
2199 3465 2370 3531 θεοῦ
2410 3454 2574 3541 υἱός,
2621 3456 2825 3529 εἰκών
2870 3460 2993 3545 τῆς

275 3568 338 3625 30
367 3564 703 3648 πατρικῆς
745 3554 1106 3649 θεότητος,
1151 3566 1264 3632 καὶ
1308 3559 1418 3631 διὰ
1462 3565 1672 3632 τοῦτο
1715 3557 1897 3643 θεός.

531 3660 578 3731 3
620 3656 708 3748 ἣν
768 3658 852 3748 δὴ
896 3666 1268 3749 θεολογίαν
1329 3662 1398 3732 οἱ
1453 3667 1707 3731 πολλοὶ
1767 3679 1953 3733 νοεῖν
2014 3654 2096 3731 οὗ
2161 3653 2623 3746 χωρήσαντες,
2682 3661 2993 3738 ποικίλας
3029 3660 3118 3720 ὅτι
3186 3664 3366 3751 ποικί-

367 3751 720 3845 ἀτραποῦς
747 3754 1127 3847 ἐπενόησαν
1155 3756 1444 3849 πλάνης·
1507 3760 1594 3847 α’)
1642 3763 1706 3832 οἱ
1747 3766 1873 3850 μὲν
1915 3758 2086 3831 θεὸν
2116 3753 2354 3839 δόντες
2385 3754 2511 3828 τὸν
2550 3751 2722 3840 υἱόν,
2766 3752 2895 3826 τὸν
2925 3751 2990 3825 δ’
3028 3728 3366 3869 ''Zeugma-

367 3854 754 3945 ἄνθρωπον
815 3848 900 3928 ὃν
959 3854 1332 3947 ἀνείληφεν
1392 3854 1873 3949 ἀρνησάμενοι,
1944 3856 2029 3945 β’)
2084 3860 2149 3930 οὶ
2210 3860 2281 3926 δὲ
2340 3852 2552 3944 ψιλὸν
2612 3852 2995 3944 ἄνθρωπον
3034 3863 3362 3952 ἑτερρδοξοι

365 3950 808 4045 ὑποθέμενοι,
869 3954 999 4029 τὸν
1043 3952 1112 4029 δ’
1155 3961 1230 4029 ἐν
1275 3954 1464 4047 αὐτῷ
1508 3957 1681 4031 θεὸν
1727 3954 2211 4047 ἀγνοήσαντες,
2267 3954 2353 4044 γ’)
2398 3957 2462 4027 οἱ
2506 3959 2578 4025 δὲ
2623 3949 2819 4043 φόβῳ
2865 3959 2992 4025 τοῦ
3026 3931 3366 4076 ffag‘iffssgl

536 4126 638 4182 aff
666 4128 779 4196 vgl.
814 4126 910 4181 Nr.
929 4130 1012 4185 55.
1031 4130 1099 4184 62
1134 4158 1201 4168 —
1235 4127 1317 4185 61
1345 4128 1456 4198 vgl.
1475 4128 1566 4183 Nr.
1585 4131 1656 4186 40
1690 4159 1754 4169 —
1796 4129 1876 4184 71
1906 4128 2019 4198 vgl.
2054 4126 2147 4181 Nr.
2168 4126 2237 4181 36
2270 4143 2325 4179 u.
2360 4130 2409 4179 δ.
2447 4154 2514 4164 -
2553 4124 2633 4182 81⁹
2662 4125 2775 4195 vgl.
2812 4124 2993 4180 Nr.40

363 4256 431 4267 —
470 4226 592 4283 lot
619 4213 731 4298 έναι.
765 4228 858 4283 nr.
878 4231 961 4285 55.
995 4231 1064 4285 62
1099 4259 1166 4269 —
1204 4229 1282 4285 ιο
1317 4229 1462 4285 Phil.
1489 4232 1538 4297 2,
1567 4232 1598 4283 '7
1633 4262 1700 4270 -
1737 4230 1861 4286 τοι
1891 4228 2053 4285 va.
2088 4230 2141 4295 8,
2174 4228 2241 4282 23
2276 4256 2343 4266 -
2382 4226 2455 4282 ει
2500 4226 2622 4281 Κοι.
2658 4227 2707 4293 2,
2744 4228 2779 4280 9
2811 4256 2879 4265 —
2915 4226 2993 4281 26

365 4328 489 4382 Kol.
529 4332 576 4395 1,
614 4332 694 4386 19.
753 4332 802 4398 2,
837 4332 872 4387 9
906 4360 974 4371 -
1010 4332 1090 4387 28
1125 4330 1285 4385 Dent.
1320 4332 1372 4399 4,
1406 4334 1489 4388 35.
1536 4332 1618 4397 32,
1654 4333 1722 4387 39
1757 4331 1830 4401 (ἲ)

540 4480 571 4535 7
609 4479 834 4551 λόγονὶ]
858 4488 923 4545 -1-
958 4478 1112 4553 λέγει
1136 4480 1242 4536 We
1279 4482 1391 4551 vgl.
1427 4482 1520 4537 Mo
1567 4483 1578 4550 Ι
1628 4483 1700 4538 11
1742 4478 2059 4552 ἀπέφαινεν
2082 4476 2134 4533 V
2192 4480 2202 4547 Ι
2259 4479 2335 4534 18
2371 4475 2797 4549 ἐγκαταλέξασα
2822 4476 2914 4532 Mo
2978 4511 2983 4532 1

368 4580 438 4634 17
479 4578 607 4636 υἱὸν
639 4594 726 4635 mr
765 4590 870 4639 νῦν
907 4584 954 4637 V
1007 4584 1018 4652 Ι
1068 4584 1209 4640 1912
1241 4578 1367 4638 υἱοῦ
1399 4601 1456 4637 m
1485 4572 1627 4653 ἦν
1681 4585 1690 4651 Ι
1745 4582 1824 4638 22
1860 4581 2156 4651 θεότητος]
2196 4587 2260 4643 -ι-
2297 4574 2547 4649 ἔχονταῖ
2584 4578 2677 4633 Mo
2708 4580 2717 4647 Ι
2756 4579 2826 4635 31
2865 4595 2990 4633 ποι-

363 4680 534 4747 κίλως
568 4682 633 4745 V,
669 4699 804 4738 corr.
843 4684 915 4738 Kl
951 4683 1061 4754 vgl.
1097 4684 1147 4739 S.
1185 4686 1267 4747 65,
1307 4686 1374 4740 15
