3694 5582
1351 524 1546 576 contra
1577 520 1905 576 Marcellum
1938 521 1963 574 Ι
1998 523 2046 574 4.
2932 531 3011 591 27

521 682 944 774 δικαιοσύνης
1013 682 1542 772 ἐπιμελούμενον
1607 683 1777 756 θεὸν
1845 682 2189 758 ἀντειπεῖν
2246 691 2539 773 λέγοντα
2616 691 2711 756 »εἰ
2770 686 3014 775 ἐχθρὸς

523 784 868 858 ὠνείδισέν
925 789 1030 874 μέ,
1090 779 1436 873 ύπήνεγκα
1491 783 1604 868 ἄν,
1669 791 1780 856 καὶ
1827 787 1883 854 εἰ
1927 781 1965 856 ὁ
2008 792 2227 875 μισῶν
2276 813 2356 875 με
2402 781 2504 856 ἐπ’
2550 790 2661 875 ἐμὲ
2706 789 3015 876 ἐμεγαλο-

523 883 916 975 ρημόνησεν,
947 880 1235 972 ἐκρύβην
1265 880 1352 956 ἂν
1381 880 1497 956 ἀπ’
1529 879 1757 956 αύτοῦ.
1819 884 1901 956 σύ
1932 891 2020 969 δέ,
2054 883 2385 973 ἄνθρωπε
2414 881 2712 974 ἰσόψυχε,
2743 882 3015 975 ἡγεμών

521 1014 654 1075 μου
693 991 804 1056 καὶ
850 980 1125 1073 γνωστά
1167 1011 1322 1073 μου·
1367 975 1443 1065 ὃς
1486 985 1598 1053 ἐπὶ
1640 981 1723 1054 τὸ
1771 981 1941 1056 αὐτὸ
1972 982 2341 1072 ἐγλύκανάς
2372 1013 2485 1073 μοι
2514 987 2858 1074 ἐδέσματα,
2903 992 3015 1059 38¹

323 1097 358 1149 5
473 1165 480 1170 ,
521 1089 598 1156 ἐν
640 1090 742 1174 τῷ
790 1088 958 1174 οἴκῳ
1004 1089 1129 1155 τοῦ
1171 1089 1343 1154 θεοῦ
1371 1081 1836 1173 ἐπορεύθημεν
1882 1088 1958 1154 ἐν
1996 1078 2341 1175 ὅμονοίᾳι.
2412 1078 2521 1154 ὅτι
2550 1083 2675 1172 γὰρ
2706 1083 3018 1156 σύνεστιν
3048 1103 3119 1155 44

465 1175 476 1186 ⁴
526 1180 681 1274 ἡμῖν
724 1201 869 1267 τοῖς
914 1179 1126 1254 αὐτοῦ
1169 1193 1584 1271 λειτουργοῖς
1627 1186 1818 1270 ἰ’σμεν
1866 1179 2002 1254 άπὸ
2048 1189 2172 1271 τῆς
2216 1179 2427 1254 αὐτοῦ
2468 1182 2745 1272 ῥῆσεως,
2793 1183 3011 1255 »ἰδοῦι

526 1285 648 1373 γὰρ
698 1287 968 1372 »ἔσομαι
1009 1281 1158 1371 μεθ’
1203 1277 1433 1371 ὑμῶν(
1485 1285 1614 1372 ἔφη
1662 1279 1919 1365 »πάσας
1960 1281 2083 1364 τὰς
2126 1280 2406 1373 ἡμέρας(
2452 1289 2576 1373 τῆς
2608 1289 2783 1372 ζωῆς
2825 1281 3020 1373 ύμῶν

533 1384 696 1466 »ἕως
759 1388 883 1472 τῆς
925 1392 1310 1464 συντελείας
1351 1388 1480 1454 τοῦ
1522 1384 1829 1466 αἰῶνοςι.
1918 1383 2063 1453 εἶτα
2108 1378 2517 1466 ἀκολούθως
2558 1380 2843 1466 πάντως
2886 1411 3022 1456 που

527 1491 638 1554 καὶ
705 1481 794 1554 τὰ
865 1479 1162 1572 ἑπόμενα
1228 1499 1374 1564 τοῖς
1441 1479 1860 1572 προάγουσιν
1932 1478 2267 1571 ἐπήγαγεν
2326 1478 2411 1553 ἂν
2454 1479 2648 1572 ῥητά,
2716 1487 3019 1554 »ἐλθέτω

293 1597 366 1651 10
538 1580 837 1665 ΰάνατος
881 1577 986 1654 ἐπ’
1029 1578 1303 1664 αύτούς,
1357 1589 1470 1652 καὶ
1519 1578 2019 1668 καταβήτωσαν
2063 1585 2157 1663 εἰς
2201 1574 2370 1674 αδου
2416 1590 2691 1668 ζῶντες·
2746 1575 2857 1654 ότι
2898 1611 3021 1654 πο-

527 1689 728 1771 νηρία
769 1685 844 1753 ἐν
885 1699 1036 1765 ταῖς
1079 1689 1382 1768 καρδίαις
1425 1679 1722 1752 αύτῶνι.
1791 1679 1955 1763 τοὺς
1996 1679 2125 1768 γὰρ
2164 1685 2239 1752 ἐν
2282 1678 2519 1774 άγνοίᾳ
2561 1687 2685 1772 τῆς
2728 1678 3023 1770 ἀσεβείας

531 1773 739 1864 ὄντας
772 1781 1052 1870 νεκροὺς
1093 1777 1230 1853 ὑπὸ
1276 1787 1402 1854 τοῦ
1443 1774 1613 1872 ᾳδου
1658 1788 2157 1852 καταπίνεσθαί
2196 1805 2402 1870 φησιν
2434 1779 2475 1871 ἡ
2503 1781 2754 1873 γραφή·
2798 1789 3024 1872 νεκροὶ

530 1877 676 1970 γάρ,
718 1887 831 1952 καὶ
849 1887 1002 2008 ζζῆν
1043 1886 1424 1966 δοκοῦντες,
1469 1878 1840 1970 ἐτύγχανον
1884 1873 2163 1969 <ὅν>τες.

402 1986 514 2051 καὶ
577 1975 789 2052 πάλιν
841 1981 993 2069 ἑξῆς
1045 1978 1322 2063 τούτοις
1381 1986 1680 2052 αἰτιᾶται
1742 1979 1871 2052 τὸν
1930 1976 2285 2066 Εὗσέβιον,
2348 2009 2445 2062 ως
2504 1985 2579 2051 ἐν
2631 1989 2733 2072 τῷ
2788 1987 3026 2054 διιέναι
3058 1995 3127 2050 45

297 2097 368 2150 15
405 2078 537 2168 τὴν
597 2075 921 2170 Ἀγκύραν
981 2077 1144 2152 τότε
1206 2079 1604 2170 ωμιληκότα
1663 2084 1775 2152 ἐπὶ
1833 2086 1959 2169 τῆς
2018 2083 2393 2169 ἐκκλησίας,
2457 2074 2629 2170 ὅπερ
2691 2087 2899 2170 φησὶν
2956 2085 3029 2166 ἐξ

407 2176 616 2268 ἀκοῆς
656 2185 1130 2270 μεμαθηκέναι.
1215 2175 1321 2266 ἐφ’
1367 2179 1470 2262 οἷς
1511 2175 1925 2268 ἀγανακτῶν
1968 2185 2255 2252 τοιαῦτα
2294 2177 2541 2268 γράφει

305 2280 312 2291 ’
409 2318 416 2327 ·
533 2283 672 2366 (Nr.
715 2285 820 2368 73)
883 2275 1032 2352 άλλ>
1095 2308 1134 2352 ο
1193 2287 1316 2368 μὲν
1361 2275 1750 2362 ἀπόστολος
1793 2284 2081 2350 τοιαῦτα
2131 2287 2286 2368 περὶ
2329 2286 2455 2370 τῆς
2499 2285 2839 2351 Γαλατῶν
2880 2287 3027 2351 πίσ-

533 2406 710 2460 τεως
751 2376 1020 2469 γράφει·
1055 2376 1408 2502 εΕὐσέβιος
1469 2383 1540 2449 δὲ
1598 2383 2008 2467 μεταφέρων
2052 2376 2185 2468 τὴν
2225 2375 2693 2468 άποστολικὴν
2736 2381 3027 2464 ἔννοιαν,

534 2474 616 2549 δι’
659 2475 748 2567 ἢν
791 2475 990 2550 τοῦθ’
1037 2508 1076 2550 ο
1121 2475 1509 2562 ἀπόστολος
1552 2484 1676 2567 τῆς
1723 2484 2210 2567 προειρημένης
2252 2484 2470 2562 αἰτίας
2514 2481 2733 2560 ἕνεκα,
2786 2485 3030 2550 »τέκνα

301 2595 376 2649 20
534 2606 699 2665 μου(
749 2579 934 2650 εἶπεν
968 2573 1124 2661 »οὓς
1151 2576 1365 2651 πάλιν
1399 2575 1626 2650 ῶδίνω
1659 2577 1846 2667 ἄχρις
1876 2569 1959 2650 οὗ
1990 2587 2337 2668 μορφωθῇ
2370 2577 2663 2667 Χριστὸς
2691 2582 2767 2649 ἐν
2810 2575 3027 2666 ύμτνι,

537 2675 907 2768 καθήψατο
941 2685 1280 2750 Γαλατῶν
1321 2675 1426 2760 ὥς
1469 2677 1567 2768 μὴ
1614 2673 1871 2767 ὀρθὴν
1914 2675 2270 2764 ἐχόντων
2310 2685 2493 2764 περὶ
2536 2684 2730 2750 θεοῦ
2772 2674 3029 2764 δόξαν.

537 2773 782 2850 ὤδινεν
825 2775 949 2868 γὰρ
1003 2774 1286 2867 άληθῶς
1337 2775 1635 2868 δριμεῑάν
1695 2807 1853 2849 τινα
1910 2785 2023 2849 καὶ
2066 2774 2317 2865 πικρὰν
2382 2774 2623 2863 ω’δῑνα,
2688 2771 2799 2849 ὅτι
2841 2774 3032 2869 ἧπίσ-
3064 2796 3134 2850 46

539 2906 710 2949 τατο
774 2875 1088 2961 Γαλάτας
1147 2884 1298 2969 περὶ
1361 2888 1746 2965 θεοσεβείας
1803 2877 1893 2968 μὴ
1950 2875 2179 2966 ῶσπερ
2240 2882 2496 2961 ἐκεῖνος
2536 2876 2972 2966 δοξάζοντας,
3020 2884 3029 2968 Ι
3072 2898 3149 2955 27

535 2984 700 3067 μηδὲ
759 2976 898 3050 δύο
944 2974 1216 3061 ούσίας
1269 3007 1354 3049 τε
1397 2986 1530 3050 καὶ
1571 2975 1995 3068 πράγματα
2036 2982 2167 3048 καὶ
2210 2975 2585 3068 δυνάμεις
2624 2984 2752 3049 καὶ
2795 2978 3035 3060 θεοὺς

301 3094 375 3149 25
539 3083 878 3167 λέγοντας.

410 3175 602 3267 τήρει
673 3184 744 3248 δὲ
814 3184 1031 3249 ταῦτα
1099 3170 1295 3260 ὅπως
1361 3182 1884 3267 διαλοιδορετται
1954 3184 2217 3264 πικρῶς
2285 3182 2389 3265 τῷ
2460 3182 2669 3265 μηδὲν
2739 3174 3037 3267 εἰρηκότι

407 3288 678 3359 πλεῖον,
724 3273 820 3360 ῶς
861 3273 1071 3360 αύτός
1111 3274 1380 3366 γράφει,
1441 3272 1486 3365 ἦ
1547 3274 1630 3347 τὸ
1675 3272 2142 3348 άποστολικὸν
2199 3272 2431 3364 ῥητόν.
2528 3284 2643 3347 καὶ
2708 3281 2833 3347 νῦν
2898 3276 3035 3349 δύο

410 3384 550 3467 μὲν
613 3377 850 3459 θεοὺς
911 3382 1172 3464 λέγειν
1233 3375 1362 3447 τὸν
1421 3373 1746 3460 Εύσέβιον
1807 3370 2147 3463 ὁμολογεῖ,
2214 3371 2311 3456 αἷς
2372 3370 2459 3445 ἂν
2518 3374 2646 3446 τὸν
2700 3372 2854 3447 υἱὸν
2911 3382 3039 3447 τοῦ

411 3483 584 3549 θεοῦ
641 3482 1114 3565 θεολογοῦντα
1172 3475 1296 3547 σὺν
1355 3480 1461 3565 τῷ
1501 3482 1738 3563 πατρί·
1804 3474 2077 3563 προϊών
2131 3470 2195 3544 δ’
2240 3476 2316 3543 ἐν
2361 3491 2507 3555 τοῖς
2562 3475 2738 3563 ἑξῆς,
2806 3472 3036 3563 ῶσπερ

305 3590 378 3645 30
411 3581 932 3665 ἐπιλελησμένος
985 3567 1090 3645 ῶν
1141 3580 1442 3647 ἐνταῦθα
1503 3570 1997 3663 κατηγόρηκεν,
2060 3571 2191 3644 τὸν
2252 3570 2467 3643 αὐτὸν
2522 3580 2839 3661 πειρᾶται
2900 3580 3039 3645 δια-

412 3674 688 3763 βάλλειν
758 3706 864 3757 ως
941 3673 1182 3761 ψιλὸν
1263 3673 1706 3760 ἄνθρωπον
1785 3672 1933 3743 τὸν
2010 3672 2365 3762 Χριστὸν
2444 3674 2651 3744 εἶναι
2731 3678 3039 3763 λέγοντα.

415 3778 564 3866 ἑξῆς
608 3780 680 3845 δὲ
723 3792 870 3856 τοῖς
911 3780 1380 3862 προκειμένοις
1419 3770 1863 3844 ἑπισυνάπτει
1902 3772 2175 3862 πολλήν
2218 3799 2372 3842 τινα
2399 3779 2510 3842 καὶ
2538 3771 2801 3860 μακρὰν
2830 3782 3039 3859 φλυα-
3071 3796 3139 3850 47

411 3884 592 3963 ρίαν,
653 3872 741 3947 τά
784 3902 862 3945 τε
906 3866 1077 3945 ὄντα
1121 3870 1210 3944 τά
1252 3900 1330 3943 τε
1368 3872 1458 3962 μὴ
1503 3864 1675 3944 ὄντα
1736 3873 1958 3962 ἑαυτῷ
2020 3878 2370 3960 συνείρων,
2432 3878 2800 3960 μονονουχὶ
2863 3872 3039 3943 κατὰ

413 3976 576 4058 τούς
636 3972 990 4065 φήσαντας
1048 3973 1168 4043 »τὰ
1217 3981 1403 4062 χείλη
1455 3967 1652 4061 ἡμῶν
1691 3968 1847 4061 παρ’
1896 3966 2091 4061 ἡμῶν
2141 3973 2353 4041 ἐστιν·
2396 3978 2499 4053 τίς
2560 3967 2757 4060 ἡμῶν
2812 3968 3041 4062 κύριός

587 4145 619 4200 1
659 4144 748 4199 Pa.
783 4146 867 4207 54,
901 4144 1102 4201 13-15
1137 4172 1204 4181 —
1253 4142 1280 4195 7
1325 4142 1522 4197 Matth.
1559 4142 1642 4203 28,
1679 4142 1747 4197 20
1780 4170 1847 4179 —
1895 4141 1971 4196 19
2008 4139 2133 4195 Gal.
2166 4144 2218 4204 4,
2254 4140 2321 4196 19
2354 4171 2421 4180 —
2460 4140 2578 4197 241
2606 4140 2718 4210 vgl.
2755 4140 2847 4195 Nr.
2886 4141 2953 4197 72
2986 4159 3040 4195 u.

415 4248 469 4301 S.
505 4247 588 4313 29,
625 4248 707 4303 30.
766 4246 848 4311 30,
886 4244 990 4301 201·
1019 4276 1086 4283 —
1123 4244 1244 4300 811
1277 4243 1386 4313 vgl.
1425 4244 1474 4297 S.
1513 4244 1594 4309 29,
1631 4242 1738 4297 32f
1783 4245 1867 4308 30,
1903 4242 2009 4297 33f
2054 4272 2121 4281 —
2175 4242 2249 4297 84
2282 4242 2369 4296 Pe.
2409 4246 2490 4311 11,
2525 4245 2557 4297 5

590 4397 622 4452 1
673 4393 742 4465 εἷ]
781 4402 848 4461 -Ι-
884 4394 916 4451 ὁ
953 4396 1042 4449 tib.
1081 4394 1132 4447 d.
1171 4396 1227 4449 Z.
1262 4392 1340 4447 V²
1385 4394 1394 4460 Ι
1444 4393 1483 4448 0
1520 4388 1805 4463 ἐπήγαγεν
1843 4412 1872 4446 1·
1906 4390 2197 4463 ἐπήγαγον
2233 4392 2282 4445 V
2330 4393 2339 4460 Ι
2390 4393 2466 4449 11
2507 4386 2797 4465 ει’σεβείας
2832 4413 2859 4447 r
2903 4394 2913 4461 Ι
2962 4394 3041 4449 18

417 4494 859 4568 ἐντυγχάνοντες
892 4496 968 4564 V,
1021 4513 1158 4552 corr.
1195 4494 1291 4551 Mo
1337 4497 1346 4563 Ι
1398 4495 1478 4550 20
1514 4491 1695 4550 εἰπὼν
1733 4494 1801 4561 V,
1837 4512 1971 4550 corr.
2010 4494 2083 4548 Kl
2128 4496 2137 4562 Ι
2190 4494 2418 4550 22-25
2474 4486 3039 4565 ὤδινεν-λέγοντας]

419 4600 502 4654 als
537 4598 820 4654 Eusebius'
857 4598 1052 4653 Worte
1103 4616 1158 4650 m
1203 4614 1242 4667 g
1288 4598 1297 4666 Ι
1345 4595 1520 4661 cosm
1577 4595 1900 4667 διαβάλλειν
1952 4614 2007 4649 m
2058 4596 2348 4668 διαβαλεῖν
2400 4594 2451 4647 V
2505 4602 2513 4655 1
2570 4595 2649 4651 88
2708 4590 2911 4667 ἑαυτῷ]
2964 4593 3045 4660 εἷς

418 4700 600 4757 αὐτὸῖ
637 4700 732 4755 Mo
782 4702 791 4768 Ι
847 4700 926 4755 84
963 4699 1152 4769 ἡμῶν2
1187 4698 1268 4751 V*
1302 4697 1437 4765 ἡμῖν
1477 4697 1557 4750 VO
