3694 5582
664 515 690 572 1
705 511 778 574 18
1811 502 2081 558 Eusebius

655 672 714 738 εί
755 666 882 756 γὰρ
925 683 1396 753 προσποιεῖται
1439 664 1694 748 ταύτας
1735 664 1826 755 μὴ
1869 672 2367 755 παραδέχεσθαι
2396 665 2519 746 τὰς
2549 660 2807 751 φωνάς,
2850 661 3037 752 πλὴν
3066 659 3271 752 δῆλός
3302 676 3367 728 21

655 771 840 836 ἐστιν
881 769 956 837 ἐκ
1001 772 1126 836 τοῦ
1167 773 1338 838 ποτὲ
1381 771 1504 854 μὲν
1547 767 1748 836 ἔνδον
1791 763 2007 837 αὐτὸν
2051 773 2269 856 λέγειν
2312 771 2389 838 ἐν
2432 773 2535 855 τῷ
2566 770 2735 854 θεῷ,
2779 763 3031 834 ἄλλοτε
3074 767 3147 832 δὲ
3184 761 3269 833 δι’

655 870 984 955 ἐνεργείας
1027 872 1386 956 δραστικῆς
1429 872 1734 952 προϊέναι
1777 862 2009 950 αὐτοῦ,
2054 862 2174 953 ἀφ’
2220 858 2323 938 ὧν
2366 893 2439 935 τε
2484 871 2587 953 τῷ
2618 860 3045 952 ἀνθρωπίνῳ
3086 860 3271 934 ἀπει-

651 964 836 1052 κάςει
879 963 1094 1036 αὐτὸν
1137 961 1338 1056 λόγῳ.
1425 959 1463 1036 ό
1525 992 1596 1052 γε
1645 964 1780 1054 μὴν
1832 977 2023 1047 θεῖος
2074 962 2549 1054 εῦαγγελιστὴς
2608 960 2757 1034 κατ’
2818 959 3063 1034 οὐδένα
3124 970 3271 1032 τῶν

585 1087 618 1141 5
653 1061 1177 1154 ἀποδεδομένων
1207 1061 1495 1153 τρόπων
1525 1061 1734 1153 λόγον
1773 1061 2207 1156 ῦπεστήσατο
2252 1063 2379 1136 τὸν
2422 1064 2595 1152 πρὸς
2640 1060 2855 1134 αὐτοῦ
2894 1059 3269 1150 θεολογοῦ-

650 1193 884 1290 μενονν,
930 1161 1080 1236 αλλ’
1125 1165 1277 1237 οἷον
1320 1169 1610 1252 ἔπρεπεν
1654 1164 1781 1235 τὸν
1823 1171 2159 1255 μονογενῆ
2212 1163 2363 1236 υἱὸν
2414 1172 2545 1236 τοῦ
2585 1169 2759 1236 θεοῦ
2800 1179 3012 1246 νοεῖν,
3058 1158 3269 1250 λόγον

650 1271 772 1353 μὲν
832 1258 1006 1335 ὄντα
1062 1261 1230 1337 καθ
1295 1259 1332 1334 ὃ
1393 1262 1624 1336 πάντα
1687 1261 1873 1353 λόγῳ
1928 1261 2387 1354 συνεστήσατο
2445 1271 2558 1334 και
2606 1271 2816 1352 χωρὶς
2868 1257 3079 1350 λόγου
3120 1267 3269 1332 τῶν

653 1357 884 1434 ὄντων
945 1362 1144 1436 οῦδὲν
1195 1371 1498 1454 γέγονεν,
1555 1363 1725 1435 θεὸν
1769 1369 1840 1433 δὲ
1882 1370 1995 1434 καὶ
2038 1369 2375 1453 μονογενῆ
2419 1359 2587 1434 καθ’
2642 1357 2681 1432 ὃ
2725 1358 2935 1451 μόνος
2978 1358 3266 1450 ἀληθῶς

653 1467 737 1552 ὴν
777 1463 922 1546 υίὸς
966 1471 1093 1535 τοῦ
1131 1468 1244 1535 ἐπὶ
1287 1461 1578 1535 πάντων
1605 1469 1795 1545 θεοῦ,
1839 1463 1986 1544 υἱὸς
2028 1461 2301 1553 γνήσιος
2344 1455 2568 1544 ὅντως
2596 1469 2710 1533 καὶ
2746 1457 3123 1551 ᾇγαπητος)
3158 1467 3263 1550 τῷ

550 1581 616 1636 10
650 1559 864 1634 αὐτοῦ
905 1571 1113 1648 πατρὶ
1155 1564 1331 1635 κατὰ
1383 1559 1614 1634 πάντα
1654 1559 2213 1652 αφωμοιωμένος.
2298 1561 2401 1633 διὸ
2461 1570 2577 1633 καὶ
2638 1569 2790 1648 φῶς
2840 1563 2929 1650 ἠν
2979 1557 3262 1650 ἀληθῶς
3296 1583 3367 1636 22

647 1659 814 1734 καθ’
863 1659 901 1734 ὃ
945 1664 1028 1734 τὸ
1073 1662 1313 1750 νοερὸν
1355 1672 1467 1735 καὶ
1512 1663 1792 1752 λογικὸν
1852 1681 2000 1745 ταῖς
2051 1659 2201 1732 κατ’
2248 1658 2481 1732 εἰκόνα
2532 1661 2661 1750 τὴν
2713 1657 2927 1732 αὐτοῦ
2979 1689 3263 1750 πεποιη-

648 1769 876 1851 μέναις
923 1783 1161 1851 ψυχαῖς
1213 1761 1555 1851 ἐναυγάςει
1608 1768 1871 1850 φέγγος.
1956 1761 2061 1832 διὸ
2124 1757 2207 1832 οῦ
2266 1759 2557 1832 πάντων
2616 1757 2830 1832 αὐτὸν
2890 1769 3043 1847 φῶς
3092 1761 3266 1830 εἶναί

649 1887 874 1951 φησιν,
921 1858 1094 1933 ἀλλὰ
1136 1860 1374 1950 μόνων
1418 1859 1844 1951 ἀνθρώπων·
1896 1853 2051 1950 ›flu‹
2088 1861 2215 1949 γὰρ
2250 1860 2368 1932 »τὸ
2401 1867 2551 1947 φῶς
2581 1860 2665 1932 τὸ
2696 1869 3007 1946 φωτίζον
3033 1857 3265 1931 πάντα

649 1961 1031 2048 ἄνθρωπον
1073 1960 1438 2050 ἐρχόμενον
1482 1967 1574 2044 εἰς
1602 1961 1729 2032 τὸν
1757 1957 2050 2050 κόσμον(
2086 1964 2236 2050 ἔφη.
2308 1954 2495 2032 οῦτω
2524 1967 2597 2033 δὲ
2638 1967 2751 2032 καὶ
2796 1959 2935 2049 ζωὴ
2966 1957 3263 2048 ὑπῆρχεν

547 2080 612 2132 15
647 2059 947 2151 ἀληθῶς,
991 2058 1151 2132 καθ’
1197 2055 1234 2130 ὃ
1279 2069 1486 2133 πᾶσιν
1531 2080 1674 2143 τοῖς
1719 2067 1926 2148 ζῶσιν
1968 2059 2051 2130 τὸ
2097 2066 2221 2149 τῆς
2262 2063 2333 2146 ἐξ
2374 2057 2591 2132 αὐτοῦ
2631 2067 2949 2149 χορηγίας
2990 2065 3261 2147 παρέχει

646 2167 839 2250 νᾶμα.
910 2168 1020 2232 καὶ
1063 2156 1230 2232 καθ>
1239 2158 1568 2283 οἑκάστην
1611 2166 1682 2231 δὲ
1727 2164 2038 2232 ἐπίνοιαν
2081 2169 2231 2230 τῶν
2272 2164 2346 2230 ἐν
2390 2157 2579 2248 αὐτῷ
2618 2166 2881 2231 θεῖκῶν
2911 2156 3262 2248 δυνάμεων

645 2258 1154 2349 παραστατικὰς
1196 2253 1418 2347 εῦροις
1463 2290 1547 2331 αν
1589 2257 1804 2332 αὐτοῦ
1845 2267 1961 2331 καὶ
2006 2256 2283 2348 ἀληθεῖς
2326 2264 2727 2348 ἐπωνυμίας.
2810 2258 2989 2328 κατὰ
3031 2257 3261 2329 πάντα

645 2359 771 2448 γὰρ
813 2357 1102 2448 ἀλήθεια
1149 2361 1234 2447 ὴν
1278 2355 1314 2430 ό
1358 2359 1502 2442 υίὸς
1547 2365 1672 2431 τοῦ
1714 2367 1903 2444 θεοῦ,
1952 2354 1989 2430 ὃ
2035 2359 2118 2448 δὴ
2160 2367 2566 2448 παρίστησιν
2596 2353 2803 2440 αῦτός
2832 2365 3055 2445 λέγων
3089 2359 3258 2447 »ἐγώ

647 2465 775 2546 εἰμι
819 2489 860 2548 η
907 2456 1256 2549 ἀλῆθειαι.

543 2573 610 2627 20
809 2565 890 2630 15
945 2567 952 2646 Ι
1009 2555 1156 2630 ἀλλ’
1203 2553 1241 2629 6
1285 2564 1437 2640 νέος
1479 2560 1897 2648 συγγραφεὺς
1941 2565 2159 2629 ταῦτα
2201 2565 2325 2648 μὲν
2358 2551 2520 2629 οὔτε
2550 2566 2855 2645 συνίησιν
2886 2549 3047 2628 οῦτε
3075 2559 3260 2629 οἶδεν
3301 2557 3421 2614 125
3526 2564 3587 2612 1⁴7
3574 2577 3629 2610 ’Ψ

644 2650 804 2728 οὔθ’
851 2686 961 2728 οτι
1003 2652 1239 2745 ἇγνοεῑ
1279 2660 1490 2742 οἶδεν,
1553 2655 1596 2728 ἃ
1641 2659 1722 2748 δὴ
1765 2667 1881 2729 καὶ
1926 2661 2167 2729 εἰδέναι
2213 2656 2423 2746 αυχετ,
2472 2652 2665 2740 όπως
2708 2662 3011 2746 συνέστη.
3098 2665 3259 2744 φέρε
3290 2623 3629 2778 Μαῖὲᾜῖου

642 2754 854 2829 πάλιν
915 2759 1062 2829 εἶτα
1121 2753 1582 2841 ἀναλαβόντες
1637 2755 2062 2848 ακοῦσωμεν,
2124 2788 2223 2840 ως
2282 2764 2385 2849 τῷ
2445 2761 2523 2830 ἐν
2581 2754 2983 2846 ἀνθρώποις
3045 2753 3258 2829 αὐτὸν
3298 2769 3518 2886 φωνῶν
3537 2781 3629 2816 πα·

643 2855 982 2941 ἀπεικάζει
1027 2854 1242 2946 λόγῳ,
1297 2865 1400 2947 τῷ
1447 2887 1521 2929 τε
1563 2858 1739 2929 κατὰ
1795 2855 2105 2931 διάνοιαν
2145 2866 2259 2929 καὶ
2301 2864 2404 2947 τῷ
2448 2858 2627 2929 κατὰ
2668 2854 3053 2946 προφοράν,
3100 2863 3255 2929 τοῦ·
3291 2829 3629 2985 dssaffif‘fz}

642 2986 770 3027 τον
811 2953 1100 3045 γράφων
1139 2956 1268 3027 τὸν
1310 2955 1576 3045 τρόπον
3292 2974 3457 3088 vega
3540 2970 3629 3021 τὼ

3226 3064 3257 3076 ·
3323 3053 3363 3087 v
3430 3054 3463 3088 v
3500 3054 3599 3089 tot·

537 3072 606 3128 25
765 3060 902 3145 (Nr.
947 3062 1050 3141 55)
1096 3062 1308 3128 τοῦτο
1355 3062 1426 3128 δὲ
1470 3056 1726 3147 ῥᾴδιον,
1773 3059 1975 3147 οἶμαι,
2020 3078 2165 3142 τοῖς
2196 3051 2271 3129 εὖ
2300 3063 2673 3146 φρονοῦσιν
2700 3084 2813 3127 και
2852 3051 2988 3128 ἀπὸ
3016 3084 3258 3145 μικρου
3290 3104 3448 3156 ³505
3546 3122 3628 3159 aa·

765 3184 951 3237 τινος
993 3162 1102 3225 καὶ
1147 3163 1476 3229 ταπεινοῦ
1523 3153 1688 3228 καθ’
1751 3154 1923 3245 ἡμᾶς
1974 3164 2517 3247 παραδείγματος
2571 3163 2845 3246 γνῶναι.
2930 3152 3087 3227 οῦδὲ
3130 3184 3257 3245 γαρ
3292 3174 3427 3238 φῶς
3498 3190 3629 3237 προ·
3681 3222 3682 3225 ,

765 3254 892 3327 τὸν
944 3262 1072 3327 τοῦ
1131 3252 1513 3343 ανθρώπου
1574 3256 1782 3345 λόγον
1845 3254 2119 3346 δυνάμει
2178 3265 2291 3327 καὶ
2348 3253 2719 3329 υποστᾶσει
2772 3262 3058 3345 χωρίσαι
3119 3264 3257 3326 τινὶ
3292 3240 3627 3391 2335}ss-

763 3353 1145 3427 δυνατόν·ι
1129 3358 1203 3426 ἐν
1246 3382 1372 3443 γαρ
1415 3360 1602 3428 ἐστιν
1643 3363 1756 3427 καὶ
1785 3353 2047 3428 ταυτὸν
2088 3363 2199 3430 69*
2244 3364 2347 3447 τῷ
2394 3353 2751 3445 ανθρώπῳ
2796 3350 2834 3425 ό
2880 3354 3102 3443 λόγος,
3145 3360 3251 3425 καὶ
3324 3372 3603 3431 ‹raas-stov·

764 3451 987 3524 οὐδενὶ
1029 3453 1479 3543 χωριζόμενος
1523 3458 1734 3546 ετέρῳ
1779 3452 1824 3545 ἢ
1868 3454 2043 3545 μόνῃ
2089 3464 2177 3544 τῇ
2218 3462 2341 3545 τῆς
2384 3454 2697 3545 πράξεως
2740 3460 3051 3541 ἐνεργεία.
3290 3436 3630 3565 ξ’ἒισχὲἔτὲξ·

537 3569 605 3624 30
638 3559 711 3623 ὲν
755 3554 836 3643 δὴ
881 3552 1154 3634 τούτοις
1198 3560 1301 3642 τῷ
1345 3564 1752 3646 προφορικῷ
1799 3552 1983 3647 λόγῳ
2029 3560 2349 3645 κέχρηται
2395 3553 2628 3639 εἰκόνι,
2672 3562 2777 3645 τῷ
2810 3558 2887 3624 δέ
2927 3581 2993 3641 γε
3042 3559 3256 3626 ἐνδια-
3292 3578 3326 3629 2

639 3658 826 3741 θέτω
873 3656 946 3723 ἐν
991 3653 1093 3735 οἷς
1135 3650 1353 3723 ταῦτα
1399 3678 1604 3741 φησιν

763 3724 900 3836 (ΝΥ.
945 3760 1046 3837 53)
1103 3748 1187 3823 οῦ
1229 3751 1355 3841 γὰρ
1399 3752 1480 3841 δὴ
1527 3755 1760 3842 ἑτέρας
1811 3756 2223 3839 ετοιμασίας,
2286 3755 2437 3827 οἷον
2496 3748 2663 3842 ῦλης
2715 3749 2757 3841 ἢ
2810 3752 3024 3841 αλλης
3067 3753 3256 3835 τινὸς

761 3848 1226 3939 ἀνθρωπίνης,
1273 3846 1310 3921 ὁ
1355 3851 1518 3933 θεὸς
1561 3857 1778 3925 ἐδεῖτο
1820 3854 1995 3942 πρὸς
2036 3852 2475 3943 κατασκευήν,
2518 3850 2694 3925 ἀλλὰ
2738 3852 2993 3939 ταύτης
3023 3857 3145 3943 τῆς
3181 3858 3256 3924 ἐν

764 3957 846 4039 τῇ
891 3949 1136 4019 ἑαυτοῦ
1179 3957 1442 4042 διανοίᾳ
1489 3954 1887 4040 ἑτοιμασίας.
1958 3958 2101 4024 ἐπεὶ
2132 3946 2259 4025 οῦν
2300 3951 2645 4025 ἀδύνατον
2690 3944 2775 4042 ἦν
2814 3960 3019 4040 χωρὶς
3046 3950 3259 4041 λόγου

807 4118 909 4174 111·
937 4118 1050 4189 vgl.
1085 4116 1179 4173 Νι.
1217 4120 1300 4173 92.
1337 4124 1404 4174 54
1439 4150 1506 4159 —
1543 4121 1611 4176 11
1659 4122 1793 4176 Gon.
1832 4126 1879 4189 1,
1916 4124 1983 4179 26
2026 4152 2095 4163 -
2144 4124 2222 4179 18
2256 4125 2379 4179 ³011.
2420 4126 2465 4191 1,
2500 4126 2535 4179 9
2570 4154 2635 4163 —
2683 4124 2760 4179 16
2796 4124 2909 4191 vgl.
2946 4122 2997 4176 s.
3035 4123 3150 4188 121,
3189 4123 3253 4176 13

637 4252 702 4260 —
744 4222 818 4277 18
853 4220 976 4274 Joh.
1019 4222 1098 4285 14,
1133 4222 1166 4276 6

806 4371 886 4426 lt
922 4370 1089 4437 δῆλός
1123 4366 1273 4425 ἐστιν
1305 4369 1378 4423 ΚΙ
1413 4372 1478 4439 δὴ
1513 4373 1688 4441 λόγος
1723 4374 1825 4441 τὴν
1864 4372 1914 4425 V
1966 4378 1975 4441 Ι
2042 4374 2071 4429 7
2113 4368 2253 4428 καθ’
2286 4370 2320 4429 8
2356 4376 2427 4428 Kl
2464 4375 2715 4445 vgl.2.8.
2736 4379 2817 4430 11.
2842 4379 2905 4431 15
2937 4367 3075 4430 καθ’
3110 4369 3178 4429 ὃν
3200 4372 3253 4427 V

641 4479 646 4539 ζ
709 4470 746 4526 8
781 4470 945 4540 θεὸν]
981 4470 1146 4525 υὶὸνῖ
1209 4472 1216 4537 Ι
1285 4472 1363 4526 10
1399 4478 1520 4541 φῶς
1553 4474 1624 4526 ΚΙ
1661 4472 1800 4539 θεὸς
1835 4474 1885 4527 V
1948 4478 1955 4541 Ι
2024 4475 2143 4531 151*
2178 4475 2452 4546 παρέχειν
2488 4470 2610 4545 ἅμα
2647 4475 2746 4541 V*‚
2782 4492 2921 4532 eon.
2957 4474 3034 4529 V²
3094 4476 3105 4542 Ι
3172 4477 3246 4530 21

635 4574 698 4639 δὴ
733 4590 790 4626 m
824 4570 884 4627 δὲ
919 4572 970 4625 V
1033 4574 1042 4641 Ι
1107 4574 1330 4641 συνίστη
1361 4574 1425 4641 V,
1463 4592 1597 4629 corr.
1635 4574 1740 4629 We
1805 4577 1814 4642 Ι
1880 4576 2025 4631 2211
2058 4574 2095 4629 l.
2130 4575 2493 4647 παράθεσιςὶ)
2556 4580 2565 4647 Ι
2633 4577 2713 4632 80
2749 4594 2813 4647 γε
2848 4577 2908 4633 δὲ
2942 4576 3039 4641 V*,
3073 4596 3145 4627 ω
3177 4576 3253 4628 V²

640 4676 646 4741 Ι
709 4674 788 4729 38
833 4669 1215 4745 ἀνθρωπίνης]
1256 4673 1470 4729 danach
1507 4676 1728 4731 Liicke‘?
1763 4676 1857 4731 Mo
1893 4674 2244 4748 2‘·not·9y1'ag‘?
2280 4678 2358 4731 Re
