3694 5582
1209 493 1276 548 de
1311 492 1681 550 ecclesiastiea
1713 495 1999 564 theologia.
2032 495 2109 548 III
2146 499 2363 551 11-13.
2960 505 3075 568 169

456 665 606 745 περὶ
652 657 966 746 βρώσεως
1017 664 1140 748 τῆς
1191 662 1350 748 ἐμῆς
1403 656 1650 745 σαρκὸς
1705 665 1818 728 καὶ
1870 666 2023 747 περὶ
2066 657 2377 750 πόματος
2420 665 2547 730 τοῦ
2590 663 2753 748 ἐμοῦ
2796 663 3077 749 αἵματος

455 761 700 847 εἴρηκα,
743 763 906 848 μηδὲ
949 765 1348 845 ταραττέτω
1390 755 1560 847 ὖμᾶς
1603 754 1645 847 ἦ
1687 757 2047 848 πρόχειρος
2088 755 2261 849 ἀκοὴ
2315 766 2464 851 τῶν
2491 767 2645 848 περὶ
2675 765 2798 849 τῆς
2829 759 3075 847 σαρκὸς

453 865 564 928 καὶ
625 861 906 946 αἳματος
966 861 1336 948 εἰρημένων
1394 882 1532 945 μοι·
1606 863 1822 929 ταῦτα
1884 860 2009 949 γὰρ
2076 856 2309 931 »οῦδὲν
2372 855 2657 945 ῶφελεῖι
2723 866 3074 949 αἰσθητῶς

456 953 864 1046 ἀκουόμενα,
927 955 1008 1027 τὸ
1071 963 1142 1028 δὲ
1200 955 1464 1046 πνεῦμά
1524 963 1708 1030 ἐστιν
1766 959 1851 1031 τὸ
1915 966 2305 1045 ζωοποιοῦν
2364 959 2525 1041 τοῦς
2593 969 3073 1048 πνευματικῶς

387 1073 420 1125 5
457 1053 728 1129 ἀκούειν
769 1061 1196 1148 δυναμένους.
1282 1054 1430 1130 ἀλλ’
1477 1054 1516 1129 6
1559 1057 1792 1141 καινὸς
1847 1059 2173 1149 ἐξηγητὴς
2236 1066 2383 1130 τῶν
2446 1061 2893 1146 εὐαγγελικῶν
2952 1088 3069 1148 μα·
3105 1073 3138 1124 7

453 1153 792 1247 θημάτων
834 1162 1040 1247 μηδὲν
1084 1158 1361 1229 τούτων
1387 1166 1624 1242 συνείς,
1670 1154 2054 1231 ἐπάκουσον
2085 1154 2277 1242 ὅπως
2306 1158 2550 1246 γράφει
2580 1165 2805 1246 λέγων
2834 1157 3070 1240 αὐταῖς

455 1266 814 1343 συλλαβαῖς

581 1362 908 1444 (Nr.105)
970 1363 1095 1428 τοῦ
1157 1353 1610 1446 ἀνθρωπίνου
1671 1352 2019 1447 ἁψάμενος
2080 1357 2397 1448 σώματος
2455 1364 2565 1429 καὶ
2627 1363 2845 1446 δείξας
2904 1355 3074 1429 αυτὸ

574 1477 718 1541 τοῖς
761 1452 1018 1548 δρῶσιν
1083 1463 1330 1528 »τοῦτο
1382 1453 1552 1545 ῦμᾶς
1597 1461 2053 1542 σκανδαλίζεις
2061 1488 2087 1522 e
2156 1461 2284 1548 ἔφη
2353 1457 2508 1530 »ἐὰν
2553 1450 2678 1529 οὖν
2720 1461 2903 1547 ι’δητε
2948 1457 3075 1528 τὸν

352 1569 421 1624 10
580 1557 730 1630 υἱὸν
771 1562 900 1628 τοῦ
943 1551 1337 1679 ἀνθρώπου
1369 1553 1678 1642 ἀνιόντα,
1735 1585 1913 1628 οπου
1972 1549 2059 1646 ἦν
2112 1556 2194 1628 τὸ
2238 1555 2611 1648 πρότερον,·
2670 1555 2753 1628 τὸ
2812 1564 3074 1646 πνεῦμα

582 1667 917 1742 ζωοποιεῖ
965 1652 1006 1744 ἦ
1047 1656 1212 1745 σὰρξ
1255 1651 1454 1728 οὐδὲν
1497 1653 1808 1744 ῶφελεῖι.

453 1755 624 1846 πρὸς
668 1750 750 1826 ὃν
791 1757 878 1844 ἠν
922 1761 1160 1827 εἰπεῖν·
1231 1763 1344 1827 καὶ
1386 1753 1610 1828 πόθεν
1653 1780 1786 1841 σοι,
1852 1787 1909 1827 ω
1954 1774 2246 1845 γενναῖε,
2302 1753 2343 1847 ἡ
2388 1755 2746 1846 προσθήκη
2790 1763 2939 1828 τῶν
2982 1756 3071 1846 μὴ
3106 1776 3141 1831 8

459 1862 858 1946 φερομένων
902 1859 976 1926 ἐν
1023 1862 1102 1944 τῇ
1148 1851 1543 1944 εὖαγγελικῇ
1583 1864 1842 1945 γραφῇ,·
1894 1855 1975 1928 τὸ
2019 1854 2145 1946 γὰρ
2189 1861 2314 1928 τοῦ
2357 1851 2809 1943 ἀνθρωπίνου
2852 1857 3073 1947 σῶμα·

457 1986 580 2038 τος
623 1952 974 2046 αψάμενον
1016 1955 1144 2027 τὸν
1189 1961 1464 2045 σωτῆρα
1505 1965 1618 2026 καὶ
1662 1961 1973 2042 δείξαντα
2036 1953 2205 2028 αὐτὸ
2258 1974 2405 2038 τοῖς
2448 1950 2702 2044 ὁρῶσιν
2746 1959 3075 2046 εἰρηκέναι

351 2070 420 2124 15
463 2064 709 2129 »τοῦτο
752 2053 922 2144 ῦμᾶς
966 2061 1450 2141 σκανδαλίζει;«
1498 2056 1684 2145 παρὰ
1713 2062 1971 2128 σαυτοῦ
1998 2053 2323 2136 πλάττεις
2356 2063 2467 2124 καὶ
2507 2055 2638 2145 τὴν
2665 2053 3074 2144 προσθήκην

457 2154 594 2228 ἀπὸ
645 2161 896 2228 σαυτοῦ
938 2166 1284 2227 ποιεῖσθαι
1335 2161 1607 2247 τολμᾷς.
1695 2150 1732 2226 ὃ
1796 2155 1878 2246 δὴ
1940 2152 2253 2244 τόλμημα
2314 2149 2474 2241 παρ’
2536 2156 2785 2226 ἑαυτοῦ
2844 2156 3074 2240 λαβῶν

457 2260 781 2328 ἐντεῦθεν
826 2259 1040 2327 οἴεται
1083 2251 1627 2344 παρασκευάζειν,
1682 2259 1933 2346 ἔρημον
1976 2261 2100 2342 τῆς
2142 2258 2473 2340 ἐνεργείας
2519 2259 2645 2324 τοῦ
2686 2252 2899 2342 λόγου
2943 2253 3075 2342 τὴν

457 2353 667 2445 σάρκα
709 2363 836 2427 τοῦ
877 2361 1184 2444 σωτῆρος
1226 2353 1920 2445 καταλειφθήσεσθαι,
1964 2361 2184 2444 λέγων

584 2459 720 2542 (Nr.
770 2464 912 2544 104)
963 2460 1022 2524 εἰ
1073 2448 1201 2526 οὖν
1235 2449 1553 2545 ὁμολογεῖ
1602 2455 1729 2544 τὴν
1771 2454 1987 2544 σάρκα
2028 2459 2236 2543 μηδὲν
2281 2450 2578 2540 ῶφελεῖν
2620 2447 2859 2536 αὐτόν,
2922 2461 3072 2535 πῶς

353 2565 424 2621 20
583 2562 866 2646 ἐγχωρεῖ
903 2554 1032 2644 τὴν
1077 2559 1150 2625 ἐκ
1195 2561 1314 2645 γῆς
1359 2584 1434 2626 τε
1478 2548 1690 2628 οὖσαν
1732 2564 1845 2626 καὶ
1904 2559 2115 2643 μηδὲν
2176 2550 2581 2640 ὠφελοῦσαν
2638 2559 2753 2624 καὶ
2809 2557 2883 2624 ἐν
2926 2572 3071 2636 τοῖς

580 2663 940 2745 μέλλουσιν
984 2659 1224 2726 αἰῶσιν
1267 2651 1364 2736 ῶς
1408 2651 1596 2746 αὐτῷ
1642 2661 2127 2727 λυσιτελοῦσαν
2171 2673 2464 2724 συνεῖναι
2508 2658 2609 2741 τῷ
2656 2648 2871 2742 λόγῳ;
2950 2661 2959 2736 Ι
3112 2677 3224 2733 181

455 2750 642 2829 οὕτω
687 2763 808 2846 μὲν
853 2747 977 2828 οὖν
1019 2751 1306 2845 ἀμαθῶς
1348 2763 1460 2826 καὶ
1505 2750 2062 2845 ἀνεπιστημόνως
2107 2753 2235 2845 τὴν
2264 2751 2698 2843 εὖαγγελικὴν
2739 2779 3073 2844 παρερμη-

455 2862 682 2928 νεῦσαι
726 2856 968 2944 φωνὴν
1011 2852 1320 2944 ῶρμήθη.
1405 2861 1518 2925 καὶ
1563 2862 1712 2927 τῶν
1757 2854 2243 2928 ἀποστολικῶν
2304 2860 2377 2925 δὲ
2441 2849 2696 2941 ὁμοίως
2748 2851 3076 2944 ῥημάτων

455 2949 906 3043 διαστρόφους
951 2952 1290 3045 ἐξηγήσεις
1333 2959 1650 3027 ἐποιεῖτο.

346 3074 416 3129 25
621 3060 702 3129 13
763 3050 1004 3127 αυτίκα
1057 3061 1222 3143 γοῦν
1266 3060 1342 3126 ἐν
1384 3074 1532 3137 ταῖς
1573 3052 1906 3143 Πράξεσιν
1968 3062 2115 3127 τῶν
2159 3051 2572 3126 ἀποστόλων
2636 3060 2760 3126 τοῦ
2811 3060 3075 3141 Πέτρου
3132 3068 3291 3142 ὅπως
3322 3078 3424 3145 τὴν

453 3164 608 3274 περὶ
654 3162 779 3227 τοῦ
821 3160 1131 3244 σωτῆρος
1175 3151 1371 3275 ημῶν
1415 3152 1767 3242 εἰρηκότος
1816 3149 1937 3225 »ὃν
1967 3161 2069 3225 δεῖ
2096 3150 2392 3241 ουρανὸν
2420 3160 2543 3241 μὲν
2574 3150 2962 3238 δέξασθαι”
2922 3180 3071 3239 αχρι
3138 3162 3247 3262 ²2²²
3274 3146 3409 3216 Xoa-

454 3251 726 3376 χρόνων
768 3250 1446 3337 ἀποκαταστάσεωςε,
1490 3252 1580 3342 μὴ
1627 3252 1877 3343 νοήσας
1921 3254 2051 3343 τὴν
2093 3260 2220 3324 τοῦ
2264 3251 2471 3341 λόγου
2515 3250 2823 3324 διάνοιαν
2853 3256 3071 3323 ἐντεῦ-
3108 3228 3177 3265 π
3194 3216 3435 3335 ἐιέἶσι

453 3365 582 3425 θεν
643 3353 770 3443 τὴν
830 3362 1171 3440 βασιλείαν
1230 3358 1356 3424 τοῦ
1417 3359 1718 3442 Χριστοῦ
1776 3351 2216 3443 περιγράφειν
2277 3358 2615 3440 πειρᾶται,
2689 3380 2857 3440 ορον
2916 3350 3073 3423 τινὰ
3106 3343 3443 3470 ἆέἆῆνεᾶκὲῖ

457 3451 742 3541 φάσκων
782 3460 894 3524 καὶ
937 3461 1366 3542 προθεσμίαν
1408 3458 1532 3543 τῆς
1583 3462 1917 3539 βασιλείας
1970 3450 2183 3525 αὐτοῦ
2244 3458 2617 3541 δηλοῦσθαι
2674 3450 2783 3523 διὰ
2845 3449 2927 3522 τὸ
2973 3458 3071 3521 λέ·
3130 3432 3406 3551 τὴῖἶφάπὸ

347 3572 420 3626 30
454 3566 694 3642 γεσθαι
768 3580 955 3641 »αχρι
1023 3548 1298 3642 χρόνων
1367 3549 2047 3636 ἀποκαταστάσεωςι.
2148 3549 2231 3623 τὸ
2291 3547 2461 3623 αὐτὸ
2534 3556 2605 3622 δὲ
2681 3556 2791 3624 87*
2856 3554 3068 3622 τοῦτο
3106 3568 3139 3621 2
3246 3585 3441 3639 τετρα-

454 3660 896 3724 συνίστασθαί
939 3675 1144 3742 φησιν
1189 3658 1302 3723 καὶ
1346 3652 1456 3723 διὰ
1499 3658 1628 3725 τοῦ
1672 3650 2062 3771 φάσκοντος
2104 3657 2375 3739 Ψαλμοῦ
2424 3648 2683 3721 »κάθου
2725 3656 2802 3721 ἐκ
2830 3656 3072 3735 δεξιῶν
3106 3652 3379 3774 ἐτκθσίων

453 3780 584 3839 μου
627 3750 836 3835 ἕως“
799 3781 886 3823 αν
926 3761 1040 3824 θῶ
1080 3782 1242 3835 τους
1279 3751 1568 3841 ἐχθρούς
1629 3775 1753 3824 σου
1800 3748 2188 3825 υποπόδιον
2242 3758 2389 3822 τῶν
2430 3756 2675 3823 ποδῶν
2718 3774 2907 3834 σουι,
2962 3757 3071 3819 καὶ
3112 3717 3446 3853 δὲῶὲεῖᾗλὲξ

455 3858 729 3924 Παῦλον
771 3857 845 3922 δὲ
887 3850 1015 3923 τὸν
1077 3848 1473 3924 ἀπόστολον
1533 3851 1641 3923 διὰ
1702 3859 1915 3924 τοῦτο
1962 3858 2294 3940 εἰρηκέναι
2347 3849 2429 3922 τὸ
2497 3856 2635 3921 »δεῖ
2681 3849 2807 3939 γὰρ
2859 3846 3074 3970 αὐτὸν
3107 3860 3179 3923 τῆ
3256 3872 3440 3910 συντε-

454 3950 823 4036 βασιλεύειν
869 3950 1060 4035 ἕως’
1039 3949 1125 4021 ἀν
1165 3958 1262 4039 θῇ
1306 3950 1467 4033 τοὺς
1511 3951 1796 4039 ἐχθροὺς
1839 3948 1975 4023 ῦπὸ
2021 3950 2182 4033 τοῦς
2218 3947 2436 4032 πόδας
2481 3946 2759 4022 αὖτοῦι·
2823 3947 2905 4021 τὸ
2950 3946 3074 4037 γὰρ
3109 3924 3443 4062 λῗθέωῗξέῧ

349 4052 661 4133 Βόιὲωςι
708 4059 816 4123 καὶ
853 4049 935 4123 τὸ
972 4051 1193 4140 »ἄχριι
1229 4056 1764 4140 περιωρισμένου
1791 4048 2045 4140 χρόνου
2076 4050 2490 4139 σημαντικὸν
2520 4052 2689 4121 εἶναι
2726 4045 3074 4133 υπέλαβεν.
3148 4057 3405 4129 διαστρό-

455 4148 838 4223 ἐπάκουσον
879 4156 1046 4240 γοῦν
1090 4179 1282 4233 οπως
1323 4148 1500 4221 κατὰ
1544 4158 1729 4237 λέξιν
1771 4146 2013 4239 γράφει
2056 4158 2279 4239 λέγων
3128 4143 3439 4261 φὲἱῗῇεῇἲ

621 4322 660 4377 9
697 4320 821 4376 Joh.
856 4322 906 4387 6,
941 4320 1144 4377 61-63
1180 4350 1247 4358 -
1287 4320 1428 4376 1311
1458 4320 1568 4390 vgl
1603 4320 1696 4375 Νι.
1735 4324 1834 4377 105
1871 4352 1937 4360 —
1976 4321 2050 4377 15
2088 4320 2211 4377 Joh
2246 4320 2294 4387 6,
2331 4319 2395 4375 61
2433 4348 2498 4359 -
2537 4320 2616 4377 26
2662 4322 2783 4375 Aet.
2820 4320 2869 4387 3,
2906 4320 2968 4373 21
3007 4348 3071 4357 -
3108 4258 3441 4400 assffivtssz-

455 4423 532 4479 80
565 4426 688 4478 Act.
725 4423 774 4491 3,
809 4423 874 4477 21
911 4452 978 4462 -
1014 4421 1089 4477 81
1130 4420 1217 4475 ΡΒ
1255 4422 1437 4486 109,1
1477 4452 1544 4461 -
1580 4424 1660 4479 εε
1693 4423 1724 4477 1
1760 4423 1891 4479 Kor.
1929 4425 2009 4485 15,
2046 4424 2113 4477 25
3109 4390 3441 4528 walam·

621 4572 658 4629 8
693 4570 1072 4644 γραψάμενος
1106 4572 1180 4637 V,
1216 4589 1352 4628 corr.
1391 4572 1468 4625 V²
1528 4572 1538 4640 Ι
1605 4573 1682 4629 16
1717 4570 1778 4627 δὲ
1813 4574 1915 4635 V*,
1953 4588 2089 4625 corr.
2126 4572 2205 4625 Ψ
2239 4588 2286 4625 ει.
2323 4570 2388 4625 B.
2455 4571 2463 4637 !
2529 4570 2609 4627 25
2662 4570 2782 4624 hier
2816 4586 2862 4623 a.
2902 4568 2963 4622 R.
2999 4563 3071 4640 ιβ’

451 4674 501 4727 V
566 4676 577 4743 Ι
641 4674 716 4730 81
753 4681 860 4730 τοῦ
893 4674 972 4729 V²
1005 4680 1176 4729 τοῦτο
1215 4674 1294 4727 V*
1661 4684 1672 4703 ·
