3694 5582
695 491 812 554 126
1856 483 2125 539 Eusebius

813 649 952 732 (Nr.
995 655 1098 731 67)
1161 651 1220 716 εἰ
1281 649 1352 714 δὲ
1409 651 1522 716 καὶ
1573 643 1800 730 βούλει
1854 653 1968 716 καὶ
2020 647 2253 732 ἑτέρας
2298 643 2581 718 ἀκοῦσαι
2623 649 2749 715 τοῦ
2792 637 3007 714 αύτοῦ
3046 668 3313 732 προφη-

813 755 996 827 τείας
1041 747 1156 816 ἕνα
1201 741 1358 835 ἡμῖν
1413 743 1584 816 θεὸν
1629 743 2051 835 βεβαιούσης,
2102 745 2273 834 »ἐγώ
2317 744 2514 828 θεὸς(
2566 750 2774 833 φησὶν
2822 748 3158 832 »πρῶτος,
3202 751 3314 813 καὶ

811 848 905 926 εἰς
965 845 1049 916 τὰ
1103 844 1516 934 ἐπερχόμενα
1557 844 1692 933 ἐγώ
1745 851 1947 934 εἰμιι·
2020 844 2103 916 τὸ
2164 845 2291 934 γὰρ
2352 846 2486 935 ἐγώ
2542 841 2694 926 ἑνὸς
2742 842 3125 930 προσώπου
3188 848 3315 913 δει-

809 950 1050 1018 κτικόν
1093 949 1308 1027 ἐστιν,
1374 947 1442 1015 αἱ
1494 944 1619 1034 γὰρ
1664 941 1785 1016 δύο
1831 941 2055 1034 ῥήσεις
2107 947 2181 1014 ἓν
2238 941 2399 1032 ἡμῖν
2440 939 2819 1032 πρόσωπον
2862 949 3317 1030 σημαίνουσιν.

620 1059 652 1112 5
821 1049 1026 1134 »ἐγῶι
1077 1045 1202 1134 γὰρ
1246 1045 1462 1115 εἰπών
1504 1041 1736 1131 ἐπάγει
1776 1050 1887 1114 καὶ
1934 1044 2015 1116 τὸ
2066 1049 2293 1171 »aluid«
2338 1039 2520 1113 ὥστε
2550 1041 2660 1113 διὰ
2692 1047 2841 1112 τῶν
2883 1039 3006 1113 δύο
3050 1046 3161 1114 71*
3190 1047 3317 1112 τοῦ

815 1144 1022 1238 λόγου
1079 1151 1332 1236 μερῶν,
1407 1139 1842 1231 ἀντωνυμίας
1902 1174 1977 1216 τε
2038 1149 2147 1214 καὶ
2208 1140 2539 1232 ῥήματος,
2602 1140 2735 1231 τὴν
2795 1147 2917 1230 τῆς
2976 1137 3317 1229 θεότητος

811 1255 1294 1335 μαρτυρεῖσθαι
1334 1239 1612 1332 μονάδα.
1697 1249 1757 1314 εἰ
1801 1248 1873 1314 δὲ
1932 1248 2157 1314 δέοιτο
2216 1251 2330 1314 καὶ
2374 1243 2603 1332 ετέρας
2656 1249 3050 1330 μαρτυρίας,
3112 1233 3311 1322 αὖθις
3350 1250 3421 1304 16

813 1344 939 1417 τὸν
983 1343 1197 1416 αὐτὸν
1239 1339 1429 1432 αύτῷ
1475 1349 1851 1432 παρέξομαι
1901 1340 2270 1432 προφήτην
2313 1348 2603 1431 λέγοντα
2664 1342 2834 1428 »ἐγώ
2876 1347 3159 1430 πρῶτος
3200 1349 3313 1411 καὶ

813 1445 948 1532 ἐγώ
993 1444 1162 1533 μετὰ
1209 1449 1444 1526 ταῦτα,
1489 1449 1604 1514 καὶ
1645 1440 1832 1530 πλὴν
1876 1446 2038 1530 ἐμοῦ
2082 1437 2206 1514 ούκ
2251 1444 2435 1513 ἔστιν
2473 1438 2699 1522 θεόςι.
2772 1445 2831 1510 εἰ
2872 1436 3315 1512 ύποστάσει

583 1558 652 1612 10
811 1549 1295 1632 διῃρημένον
1377 1543 1522 1613 τὸν
1591 1540 1770 1611 υἱὸν
1841 1547 1985 1612 τοῦ
2064 1540 2375 1628 πατρὸς
2448 1571 2555 1624 ως
2624 1539 2800 1611 υἱὸν
2874 1535 3319 1628 ἀνθρώπου

811 1637 1142 1729 Ἀστέριος
1185 1645 1359 1712 εἶναι
1403 1646 1646 1724 οἴεται,
1709 1637 1847 1712 ἀπὸ
1910 1647 2035 1730 τῆς
2092 1637 2541 1730 ἀνθρωπίνης
2584 1639 2833 1728 σαρκὸς
2876 1635 2963 1728 ἣν
3014 1635 3099 1708 δι’
3144 1637 3315 1728 ἡμᾶς

811 1737 1141 1826 ἀνέλαβεν
1200 1739 1838 1828 σκανδαλιςόμενος,
1913 1738 2246 1810 δεικνύτω
2308 1737 2470 1830 ἡμῖν
2531 1739 2659 1810 τὸν
2718 1745 2938 1810 ταῦτα
3000 1744 3313 1826 λέγοντα·

815 1840 967 1923 ἑνὸς
1027 1837 1152 1930 γάρ
1205 1845 1389 1911 ἐστιν
1447 1837 1808 1912 κάνταῦθα
1868 1839 2249 1927 προσώπου
2299 1836 2341 1928 ἦ
2388 1846 2711 1929 λεγομένη
2754 1839 2957 1928 ῥῆσις.
3044 1844 3148 1920 τίς
3190 1830 3315 1909 οὖν
3354 1850 3423 1902 17

817 1943 1001 2010 ἔστιν
1064 1935 1101 2011 ὁ
1164 1945 1388 2028 λέγων
1453 1935 1613 2012 »οῦκ
1673 1941 1860 2010 ἔστιν
1919 1937 2102 2027 πλὴν
2162 1943 2325 2027 ἐμοῦ
2384 1936 2621 2022 θεός<ις
2692 1934 3001 2009 ἀκουέτω
3073 1943 3147 2008 δὲ
3202 1945 3315 2008 καὶ

589 2055 656 2108 15
817 2041 1050 2126 ἑτέρας
1091 2046 1515 2128 προφητείας
1560 2037 1884 2127 λεγούσης
1951 2036 2112 2110 »οὐκ
2174 2042 2359 2109 ἔστιν
2420 2038 2605 2127 πλὴν
2664 2041 2827 2125 ἐμοῦ
2888 2041 3145 2118 δίκαιος
3204 2046 3317 2109 καὶ

817 2135 1106 2227 σωτήρι.
1191 2141 1248 2208 εἰ
1310 2137 1432 2210 δύο
1493 2139 1700 2221 θεοὺς
1761 2140 1935 2208 εἶναι
1995 2146 2285 2226 νομίζοι,
2348 2132 2606 2226 ἀνάγκη
2650 2133 2863 2207 αὐτὸν
2907 2133 3035 2206 τὸν
3080 2137 3320 2224 ἕτερον

815 2237 904 2327 μὴ
949 2245 1216 2309 δίκαιον
1258 2233 1617 2327 ὁμολογεῖν
1659 2239 1831 2308 εἶναι
1875 2243 2037 2326 μηδὲ
2080 2244 2375 2326 σωτῆρα.
2460 2243 2519 2308 εί
2577 2243 2648 2308 δὲ
2708 2231 2791 2306 ού
2851 2240 3109 2318 δίκαιος
3164 2231 3320 2306 οῦδὲ

819 2335 1072 2426 σωτήρ,
1117 2344 1268 2420 πῶς
1313 2341 1415 2407 ἔτι
1457 2336 1622 2421 θεὸς
1667 2339 1839 2408 εἶναι
1870 2336 2186 2422 δύναται;
2231 2339 2349 2408 ἕνα
2394 2336 2519 2424 γὰρ
2549 2331 3010 2422 ἀποφαίνεται
3054 2341 3318 2406 δίκαιον

817 2443 929 2506 καὶ
976 2442 1255 2525 σωτῆρα
1285 2439 1472 2508 εἶναι.
1541 2444 1654 2509 καὶ
1683 2429 1885 2520 αὖθις
1922 2441 2344 2525 »ἔμπροσθέν
2386 2464 2555 2523 μου(
2604 2441 2813 2523 φησὶν
2848 2430 3011 2506 »οὐκ
3052 2440 3317 2522 ἐγένετο

590 2549 658 2602 20
819 2533 1056 2620 ἄλλος,
1116 2543 1226 2607 καὶ
1287 2532 1428 2625 μετ’
1491 2540 1603 2625 ἐμὲ
1646 2532 1772 2607 ούκ
1815 2539 2029 2620 ἔσται,
2092 2537 2227 2622 ἐγώ
2283 2532 2474 2619 θεός,
2536 2543 2649 2606 καὶ
2710 2529 2837 2605 ούκ
2876 2537 3063 2605 ἔσται
3104 2541 3319 2624 παρὲξ

817 2637 981 2721 ἐμοῦ
1041 2633 1341 2722 σῴζωνι.
1443 2639 1501 2706 εἰ
1561 2641 1631 2706 δὲ
1689 2632 2012 2720 βούλεται
2070 2642 2183 2706 καὶ
2243 2637 2479 2720 ἑτέρου
2540 2639 2976 2723 προφητικοῦ
3036 2629 3318 2704 ἀκοῦσαι
3354 2653 3430 2706 18

819 2735 1048 2821 ῥητοῦ,
1095 2731 1265 2822 τάχα
1307 2763 1447 2807 που
1489 2734 1662 2822 πρὸς
1693 2729 1908 2805 αὐτὸν
1934 2741 2045 2806 καὶ
2077 2734 2237 2818 τούς
2281 2729 2535 2825 ὁμοίως
2562 2739 2717 2823 περὶ
2754 2732 3095 2822 θεότητος
3126 2729 3316 2824 αύτῷ

821 2839 1269 2921 διακειμένους
1324 2839 1780 2922 λεχθέν<τος>,
1845 2828 2154 2905 ἀκουέτω
2216 2830 2431 2906 αὐτοῦ
2470 2830 2741 2905 Ἡσαΐου
2794 2839 3117 2923 λέγοντος
3175 2860 3319 2920 »με-

820 2931 1230 3021 τανοήσατε,
1275 2937 1342 3005 οἱ
1385 2933 1845 3023 πλανώμενοι,
1892 2936 2339 3021 ἐπιστρέψατε
2385 2939 2471 3021 τῇ
2514 2939 2773 3024 καρδίᾳ,
2816 2938 2926 3005 καὶ
2970 2930 3317 3023 μνήσθητε

591 3047 659 3101 25
821 3031 908 3103 τὰ
949 3030 1251 3121 πρότερα
1295 3029 1431 3103 ἀπὸ
1475 3039 1603 3105 τοῦ
1648 3039 1919 3115 αἰῶνος,
1966 3027 2077 3104 ὅτι
2118 3034 2251 3121 ἐγω
2296 3028 2336 3103 ὅ
2379 3034 2546 3113 θεὸς
2587 3038 2697 3104 καὶ
2742 3028 2867 3104 οὐκ
2908 3034 3095 3104 ἔστιν
3134 3032 3318 3121 πλὴν

818 3136 1038 3219 ἐμοῦι.
1127 3129 1250 3204 ούκ
1295 3134 1509 3203 εἶπεν·
1571 3134 1705 3220 ἐγώ
1751 3130 1944 3217 θεός,
2008 3136 2117 3203 ἵνα
2160 3138 2273 3205 καὶ
2316 3131 2424 3203 διὰ
2470 3139 2593 3221 τῆς
2636 3138 2764 3204 τοῦ
2808 3132 3073 3218 ἄρθρου
3112 3154 3315 3219 προσ·
3354 3150 3429 3203 19

817 3229 1038 3321 θήκης
1106 3233 1222 3303 ἕνα
1275 3231 1442 3303 θεὸν
1504 3225 1678 3303 ὄντα
1732 3239 1971 3319 σαφῶς
2014 3236 2323 3319 ἐπιδείξῃ.
2410 3239 2478 3301 τί
2538 3237 2611 3301 δὲ
2670 3239 2785 3302 καὶ
2822 3226 3013 3321 Ὠσηὲ
3071 3226 3111 3302 ό
3155 3259 3316 3320 προ-

819 3330 1074 3421 φήτηςὶ
1135 3328 1218 3405 ού
1277 3338 1387 3403 καὶ
1448 3328 1655 3415 αὐτὸς
1715 3332 1802 3403 τά
1865 3328 2040 3403 αὐτὰ
2096 3349 2441 3420 μαρτυρεῖ,
2515 3331 2683 3419 »ἐγώ
2738 3324 3079 3421 ἀνήγαγόν
3133 3355 3203 3403 σε
3246 3334 3319 3418 ἐξ

817 3430 1240 3517 Αίγύπτου,«
1309 3438 1533 3520 λέγων
1600 3438 1746 3503 »καὶ
1798 3430 1972 3503 θεὸν
2022 3432 2208 3521 πλὴν
2251 3435 2414 3520 ἐμοῦ
2458 3425 2540 3501 ού
2582 3430 2839 3518 γνώσῃ,
2900 3436 3013 3501 καὶ
3074 3428 3319 3519 σῴζων

591 3542 658 3616 3ξο
815 3527 941 3601 οῦκ
1007 3533 1194 3603 ἔστιν
1253 3538 1466 3621 παρὲξ
1525 3536 1757 3620 ἐμοῦ«,·
1830 3522 2030 3613 αὖθίς
2100 3559 2177 3601 τε
2240 3525 2277 3600 ὁ
2340 3537 2691 3617 Μαλαχίας
2758 3524 2941 3617 »οὐχὶ
3001 3528 3166 3613 θεὸς
3226 3529 3320 3613 εἶς

817 3632 1077 3701 ἔκτισεν
1119 3628 1354 3718 ὑμᾶς(
1414 3638 1620 3719 φησὶν
1672 3625 1857 3718 »οὐχὶ
1898 3631 2127 3720 πατὴρ
2180 3630 2274 3711 εἷς
2324 3626 2618 3700 πάντων
2661 3624 2925 3718 ύμῶν«,·
2967 3624 3146 3702 ἀλλὰ
3190 3628 3318 3699 τὸν
3352 3643 3433 3698 20

819 3736 1026 3799 Δαυὶδ
1067 3728 1266 3819 φήσει
1308 3758 1445 3801 που
1482 3727 1815 3816 Ἀστέριος
1867 3735 2073 3818 μηδὲν
2128 3735 2464 3817 εἰρηκέναι
2524 3734 2677 3817 περὶ
2738 3726 3029 3811 τούτου,
3090 3736 3319 3800 καίτοι

817 3827 1288 3915 πρεσβύτατον
1331 3828 1515 3913 παρὰ
1557 3834 1812 3899 Μωσέα
1857 3834 2006 3898 τῶν
2050 3827 2284 3898 ἄλλων
2336 3833 2724 3915 προφητῶν
2777 3820 2975 3913 ὄντα,
3037 3836 3150 3899 καὶ
3209 3826 3319 3897 διὰ

821 3934 1030 3998 τοῦτο
1076 3923 1496 4016 ἀμφιγνοεῖν,
1543 3930 1675 3997 εἴτε
1706 3926 1826 3999 δύο
1858 3928 2066 4008 θεοὺς
2103 3932 2113 4014 1
2150 3924 2518 3998 ὑποστάσει
2548 3933 2990 4017 διῃρημένους
3019 3935 3321 4015 νομίζειν
3360 3946 3499 4002 134

591 4037 658 4090 35
819 4029 989 4097 εἶναι
1031 4024 1358 4115 προσήκει
1403 4029 1535 4096 εἴτε
1565 4033 1675 4097 καὶ
1703 4024 1810 4115 μή.
1884 4022 2134 4098 οῦκοῦν
2180 4030 2289 4095 ἵνα
2318 4025 2407 4115 μὴ
2439 4033 2649 4098 τοῦτο
2696 4034 2874 4113 λέγῃ,
2918 4022 3321 4098 ἀκόλουθον

863 4198 900 4251 2
932 4196 1040 4251 ,Ιοῦ-
1073 4200 1160 4261 41,
1195 4198 1230 4250 4
1265 4226 1332 4234 -
1365 4198 1400 4251 5
1434 4196 1541 4251 Jes.
1578 4197 1662 4262 41,
1696 4199 1733 4250 4
1771 4226 1834 4235 —
1870 4196 1909 4251 8
1942 4196 2047 4251 Jes.
2084 4198 2169 4261 44,
2206 4197 2239 4251 6
2272 4226 2341 4235 —-
2380 4196 2456 4251 14
2492 4196 2601 4251 JeS.
2635 4198 2772 4259 44.ss
2806 4226 2875 4235 —
2914 4196 2989 4252 15
3024 4196 3320 4258 Jes.45‚21

694 4327 762 4335 —
798 4297 869 4352 19
905 4297 1010 4351 JeS.
1047 4300 1131 4365 43,
1170 4298 1251 4352 10.
1289 4301 1351 4352 11
1389 4327 1454 4337 —
1500 4296 1580 4351 28
1614 4296 1720 4350 Jes.
1757 4297 1841 4363 46,
1877 4298 1925 4351 8.
1964 4299 1997 4352 9
2028 4326 2099 4337 -
2136 4298 2214 4354 28
2250 4298 2378 4352 Hos.
2417 4299 2498 4361 13,
2532 4300 2568 4351 4
2602 4326 2669 4336 -·
2706 4298 2784 4353 80
2820 4298 2953 4352 Mal.
2988 4298 3039 4361 2.
3076 4298 3142 4352 10

867 4448 938 4503 17
979 4448 1198 4503 δίκαιον
1235 4448 1328 4501 Mo
1363 4448 1552 4503 δοκεῖν
1589 4446 1639 4499 V
1705 4448 1712 4513 Ι
1782 4446 1853 4501 18
1888 4440 1967 4501 ἔτι
2004 4446 2079 4498 V²
2113 4441 2201 4501 ὅτι
2238 4446 2319 4499 V*
2366 4450 2375 4514 Ι
2440 4447 2521 4503 20
2556 4440 2696 4503 ἄλλο
2732 4448 2810 4502 V²
2850 4448 2863 4517 Ι
2901 4448 2981 4503 28
3014 4445 3326 4518 λεχθέντος

693 4566 734 4618 g
793 4550 802 4617 Ι
869 4548 947 4605 25
1001 4542 1172 4617 ἔστιν]
1211 4555 1276 4611 -l-
1313 4541 1395 4603 ἔτι
1439 4548 1584 4601 LXX
1647 4548 1656 4615 Ι
1723 4548 1801 4603 26
1845 4548 2004 4616 θεὸς]
2044 4556 2109 4611 -Ι-
2146 4540 2268 4604 ἀλλ’
2305 4545 2451 4617 »ἐγὼ
2489 4547 2522 4604 ὁ
2557 4550 2721 4615 θεόςσ
2762 4549 2869 4605 We
2930 4548 2941 4616 Ι
3006 4549 3086 4605 28
3139 4544 3218 4617 ἐξ]
3258 4543 3327 4601 ἐκ

693 4660 794 4719 γῆς
829 4650 976 4703 Lxx
1039 4652 1048 4715 ι
1115 4650 1196 4703 ao
1234 4646 1377 4717 ἐμοῦ
1413 4667 1466 4702 m
1504 4646 1652 4715 ὁμοῦ
1687 4648 1736 4700 v
