3694 5582
1337 540 1442 595 Die
1476 542 1804 612 Fragment-‚e
1837 540 2113 595 Marcelle.
2906 551 3023 611 211

405 706 983 775 ἀποκαταστάσεωςα,
1019 708 1054 778 ἢ
1091 707 1274 764 αἰῶνα
1310 708 1590 777 μέλλοντα
1627 710 1762 779 ἡμῖν
1799 709 2121 778 σημαίνειν,
2159 704 2221 764 έν
2259 698 2304 779 ᾧ
2342 710 2433 765 δεῖ
2459 708 2645 765 πάντα
2679 716 2778 777 τῆς
2811 711 3031 775 τελείας

403 801 594 863 τυχεῖν
639 791 1184 859 ἀποκαταστάσεως;
1239 791 1294 849 εἰ
1339 794 1531 850 τοίνυν
1584 790 1646 849 ἐν
1697 800 1778 867 τῷ
1829 800 2013 865 καιρῷ
2058 802 2155 861 τῆς
2200 789 2723 860 ἀποκαταστάσεως
2756 790 3029 851 ἁπάντων

401 880 505 935 καὶ
540 876 720 947 αὐτὴν
753 880 856 946 τὴν
889 878 1072 933 κτίσιν
1105 874 1172 933 ἐκ
1204 888 1302 947 τῆς
1337 879 1596 943 δουλείας
1631 875 1713 944 είς
1747 880 1849 946 τὴν
1886 873 2219 949 ἐλευθερίαν
2242 880 2783 949 μεταβληθήσεσθαι
2818 876 2851 935 ὁ
2876 879 3028 935 Παῦ·

403 968 506 1028 λος
539 956 648 1033 ἔφη
686 960 856 1032 (λέγει
889 960 1001 1035 γὰρ
1041 958 1160 1018 »ὅτι
1197 964 1296 1017 καὶ
1332 960 1470 1031 αὐτὴ
1507 962 1540 1030 ἡ
1575 963 1754 1027 κτίσις
1791 957 2317 1033 ἐλευθερωθήσεται
2353 958 2467 1017 ἀπὸ
2503 966 2605 1029 τῆς
2639 963 2894 1027 δουλείας
2926 969 3029 1031 τῆς

335 1049 368 1099 5
405 1051 636 1119 φθορᾶς
687 1044 769 1112 εἰς
801 1048 905 1114 τὴν
940 1043 1271 1120 ἐλευθερίαν
1306 1052 1406 1114 τῆς
1441 1047 1606 1115 δόξης
1637 1054 1752 1101 τῶν
1787 1044 2003 1101 τέκνων
2046 1052 2151 1101 τοῦ
2184 1048 2407 1114 θεοῦα),
2465 1053 2587 1111 πῶς
2640 1040 2721 1102 ἔτι
2771 1048 2873 1115 τὴν
2924 1055 3030 1102 τοῦ

405 1130 610 1187 δούλου
643 1131 898 1201 μορφήν,
935 1129 1002 1199 ἣν
1040 1128 1346 1199 ἀνείληφεν
1382 1128 1414 1185 ὁ
1451 1132 1648 1201 λόγος,
1700 1134 1933 1203 μορφὴν
1972 1122 2149 1185 οὖσαν
2183 1128 2413 1197 δούλου,
2468 1138 2717 1187 συνεῖναι
2754 1138 2831 1202 τῷ
2868 1132 3025 1205 λόγῳ

405 1214 646 1271 δυνατὸν
689 1207 901 1284 γένοιτ’
945 1209 1043 1279 eim
1098 1222 1296 1285 σαφῶς
1347 1218 1380 1269 δ
1389 1208 1405 1233 ’
1457 1208 1560 1270 οὖν
1612 1217 1712 1271 καὶ
1762 1216 2073 1287 διαρρήδην
2107 1212 2169 1271 ἐν
2204 1220 2416 1286 βραχεῖ
2442 1234 2552 1269 τινι
2582 1214 2775 1288 χρόνῳ
2810 1221 2925 1270 τῶν
2960 1234 3025 1271 τε

403 1300 884 1370 παρεληλυθότων
917 1302 1016 1355 καὶ
1049 1306 1166 1355 τῶν
1203 1300 1530 1368 μελλόντων
1567 1296 1794 1355 αἰώνων
1828 1302 1932 1368 τὴν
1966 1299 2113 1355 κατὰ
2139 1297 2324 1370 σάρκα
2350 1298 2688 1369 οἰκονομίαν
2722 1308 2827 1357 τοῦ
2848 1300 3025 1371 λόγου

408 1378 478 1439 δι’
510 1386 662 1454 ἡμᾶς
695 1386 1041 1455 γεγενῆσθαι
1077 1383 1490 1456 συμβεβηκέναι
1523 1387 1622 1439 καὶ
1653 1384 1865 1453 ταύτην
1898 1377 2095 1456 ὥσπερ
2120 1379 2299 1455 ἀρχὴν
2338 1378 2517 1449 οὕτως
2550 1384 2649 1439 καὶ
2682 1382 2843 1449 τέλος
2877 1380 3027 1451 ἕξειν

303 1472 372 1526 10
409 1464 442 1523 ὁ
476 1468 782 1533 θεσπέσιος
817 1464 1041 1539 εἴρηκεν
1078 1469 1324 1534 Παῦλος,
1359 1463 1507 1524 οὕτω
1543 1486 1664 1534 πως
1698 1464 1877 1525 εἰπὼν
1918 1460 2072 1524 »εἶτα
2107 1466 2174 1522 τὸ
2208 1466 2387 1535 τέλος,
2426 1464 2568 1523 ὅταν
2603 1470 2891 1540 παραδιδῷ
2923 1470 3027 1537 τὴν

408 1554 706 1624 βασιλείαν
735 1558 817 1626 τῷ
853 1556 975 1626 θεῷ
1007 1554 1107 1608 καὶ
1140 1553 1362 1627 πατρία.

575 1688 670 1742 Nr.
707 1689 810 1743 118
844 1689 943 1755 (Re
979 1691 1098 1757 105)
1141 1696 1245 1745 τοῦ
1278 1686 1650 1762 ἀνθρωπίνου
1685 1684 1989 1759 ἁψάμενος
2034 1684 2301 1755 σώματος
2342 1689 2441 1742 καὶ
2486 1688 2672 1753 δείξας
2716 1686 2854 1744 αὐτὸ
2906 1698 3027 1755 τοῖς

407 1770 618 1845 ὁρῶσιν
674 1781 875 1828 »τοῦτο
927 1769 1076 1841 ὑμᾶς
1127 1775 1532 1842 σκανδαλίζει;«
1592 1768 1698 1843 ἔφη
1756 1769 1888 1828 »ἐὰν
1942 1764 2043 1829 οὖν
2088 1768 2237 1841 ἴδητε
2272 1769 2377 1827 τὸν
2410 1770 2534 1827 υὶόν
2569 1781 2673 1827 τοῦ
2708 1770 3025 1846 ἀνθρώπου

405 1854 658 1923 ἀνιόντα,
696 1852 845 1912 ὅπου
879 1854 949 1926 ἦν
981 1856 1050 1913 τὸ
1085 1858 1396 1929 πρότερον;
1431 1857 1498 1913 τὸ
1535 1866 1756 1925 πνεῦμα
1795 1859 2081 1924 ζωοποιεῖ,
2120 1854 2153 1925 ὴ
2194 1856 2339 1928 σὰρξ
2372 1853 2534 1911 οὐδὲν
2570 1852 2830 1924 ὠφελεῖα.

295 2012 366 2062 15
573 2006 666 2061 Nr.
705 2010 806 2062 119
841 2007 940 2073 (Re
977 2009 1094 2077 106)
1131 2006 1339 2064 οὐκοῦν
1375 2006 1445 2064 οὐ
1479 2000 1555 2062 δι’
1591 2004 1818 2075 ἑαυτόν,
1866 2005 2011 2065 ἀλλὰ
2045 1998 2112 2061 δι’
2148 2007 2298 2075 ἡμᾶς
2332 2008 2437 2075 τὴν
2472 2002 2843 2077 ἀνθρωπίνην
2879 2004 3023 2065 ἀνεί-

402 2095 581 2161 ληφεν
619 2088 820 2163 σάρκα.
892 2089 946 2147 εἰ
994 2090 1056 2146 δὲ
1105 2085 1183 2147 δι’
1235 2093 1384 2162 ἡμᾶς
1437 2090 1759 2163 ἀνειληφὼς
1812 2094 2101 2162 φαίνεται.
2152 2088 2340 2147 πάντα
2386 2089 2445 2145 δὲ
2487 2088 2559 2147 τὰ
2600 2086 2739 2146 καθ’
2772 2094 2923 2161 ἡμᾶς
2954 2100 3025 2163 τῇ

405 2175 580 2233 αὐτοῦ
614 2176 858 2250 προνοίᾳ
883 2178 982 2230 καὶ
1017 2172 1274 2252 ἐνεργείᾳ
1313 2175 1374 2233 ἐν
1397 2185 1477 2250 τῷ
1511 2184 1694 2250 καιρῷ
1727 2183 1828 2245 τῆς
1860 2177 2103 2247 κρίσεως
2136 2174 2333 2240 τέλους
2362 2176 2633 2240 τεύξεται,
2671 2173 2858 2231 οὐκέτι
2893 2174 3022 2234 οὐδὲ

403 2260 612 2329 ταύτης
644 2267 744 2329 τῆς
773 2257 836 2316 ἐν
870 2259 1033 2331 μέρει
1065 2263 1358 2333 βασιλείας
1393 2257 1550 2317 ἔσται
1582 2262 1762 2334 χρεία.

573 2410 672 2464 Nr.
712 2412 814 2465 120
848 2411 948 2477 (Re
986 2414 1103 2477 107)
1157 2410 1212 2467 εί
1259 2412 1318 2468 δέ
1368 2432 1451 2478 τις
1493 2412 1674 2482 λέγοι,
1727 2410 1817 2468 διὰ
1863 2420 2031 2467 τοῦτο
2076 2412 2179 2479 τὴν
2226 2408 2598 2479 ἀνθρωπίνην
2634 2407 2819 2481 σάρκα
2857 2407 3023 2477 ἀξίαν

294 2496 368 2549 20
407 2489 554 2552 εἶναι
589 2502 691 2551 τοῦ
725 2495 916 2565 λόγου,
955 2490 1042 2551 ὅτι
1076 2496 1166 2553 διὰ
1201 2502 1298 2565 τῆς
1323 2494 1692 2562 ἀναστάσεως
1716 2492 2015 2552 ἀθάνατον
2052 2491 2225 2563 αὐτὴν
2262 2490 2669 2563 ἀπειργάσατο,
2706 2490 2910 2565 γνώτω
2934 2490 3023 2550 ὅτι

407 2578 476 2635 οὗ
511 2586 642 2643 πᾶν,
681 2575 824 2651 ὅπερ
863 2578 1176 2647 ἀθάνατον,
1212 2589 1381 2637 τοῦτο
1419 2578 1581 2647 ἄξιον
1617 2584 1775 2636 θεοῦ.
1832 2582 2045 2649 μείζων
2081 2577 2193 2651 γὰρ
2227 2582 2327 2635 καὶ
2362 2576 2535 2646 αὐτῆς
2568 2583 2666 2645 τῆς
2702 2574 3027 2643 ἀθανασίας

405 2663 440 2719 ὁ
475 2664 634 2729 θεός,
668 2661 700 2718 ὁ
736 2670 806 2733 τῇ
842 2658 1046 2719 ἑαυτοῦ
1089 2668 1352 2735 βουλήσει
1386 2668 1484 2720 καὶ
1517 2665 1588 2723 τὰ
1623 2668 1725 2733 μὴ,
1739 2659 1879 2721 ὄντα
1917 2662 2184 2721 ἀθάνατα
2220 2669 2406 2717 ποιεῖν
2441 2660 2768 2729 δυνάμενος.
2842 2658 2929 2719 ὅτι
2965 2663 3025 2719 δὲ

407 2747 478 2804 οὐ
509 2754 626 2804 πᾶν
661 2746 728 2803 τὸ
764 2745 1066 2804 ἀθάνατον
1098 2749 1357 2819 ἡνῶσθαι
1390 2753 1512 2824 θεῷ
1547 2744 1710 2818 ἄξιον
1746 2750 1918 2820 δῆλόν
1955 2746 2073 2806 ἐστι
2108 2748 2207 2804 καὶ
2244 2744 2361 2803 ἀπὸ
2395 2753 2497 2803 τοῦ
2533 2744 2713 2819 ἀρχὰς
2732 2750 2832 2805 καὶ
2867 2745 3022 2815 ἐξου·

405 2834 534 2898 σίας
565 2833 665 2887 καὶ
699 2829 975 2902 ἀγγέλους
1011 2831 1338 2901 ἀθανάτους
1373 2831 1544 2900 ὄντας
1575 2835 1748 2904 μηδὲν
1785 2833 2071 2906 διαφέρειν
2105 2839 2175 2902 τῇ
2211 2830 2431 2900 ἑνότητι
2468 2840 2570 2886 τοῦ
2604 2836 2761 2888 θεοῦ.

295 2991 368 3045 25
575 2982 669 3036 Nr.
690 2985 787 3038 121
823 2983 922 3050 (Re
949 2985 1066 3052 108)
1103 2982 1158 3040 εἰ
1189 2986 1249 3040 δέ
1283 3005 1366 3051 τις
1401 2988 1534 3056 περὶ
1568 2993 1667 3054 τῆς
1703 2984 1918 3058 σαρκὸς
1951 2983 2156 3053 ταύτης
2188 2989 2287 3051 τῆς
2322 2979 2383 3038 ἐν
2418 2989 2500 3055 τῷ
2534 2981 2687 3056 λόγῳ
2726 2981 3024 3039 ἀθανάτου

401 3069 700 3138 γεγονυίας
733 3065 1110 3134 πυνθάνοιτο,
1155 3069 1210 3123 τί
1254 3089 1442 3140 φαμεν
1479 3069 1626 3143 πρὸς
1661 3069 1858 3137 αὐτόν;
1906 3065 1993 3124 ὅτι
2028 3069 2387 3139 δογματίζειν
2436 3065 2541 3134 μὲν
2579 3069 2738 3136 ἡμεῖς
2774 3071 2903 3138 περὶ
2938 3059 3023 3122 ὧν

399 3155 480 3220 μὴ
517 3149 767 3224 ἀκριβῶς
800 3150 962 3221 παρὰ
997 3158 1114 3208 τῶν
1149 3154 1326 3210 θείων
1360 3156 1780 3224 μεμαθήκαμεν
1815 3159 2057 3226 γραφῶν
2093 3151 2198 3208 οὐκ
2222 3148 2473 3219 ἀσφαλὲς
2508 3143 2654 3206 εἶναι
2689 3153 3017 3220 νομίζομεν.

399 3244 523 3302 πῶς
557 3233 667 3309 γὰρ
705 3245 875 3291 τοῦτο
915 3237 1184 3304 πράττειν
1219 3238 1462 3294 δυνατὸν
1493 3246 1614 3303 τοῖς
1646 3240 1744 3293 καὶ
1777 3236 1849 3294 τὰ
1887 3232 2097 3307 ἑτέρων
2122 3233 2538 3302 ἀνατρέπουσιν
2574 3235 2858 3305 δόγματα;
2895 3229 3017 3291 ἀλλ’

400 3317 646 3389 ἐροῦμεν
681 3320 827 3394 πρὸς
861 3319 993 3385 τοὺς
1025 3320 1126 3375 τὸν
1163 3318 1370 3394 ἀκριβῆ
1393 3325 1524 3394 περὶ
1557 3321 1764 3377 τούτου
1785 3326 2000 3392 μαθεῖν
2035 3313 2172 3391 παρ’
2209 3321 2369 3388 ἡμῶν
2403 3317 2788 3390 βουλομένους
2822 3319 3015 3390 λόγον,

289 3411 363 3465 30
401 3399 490 3459 ὅτι
525 3403 864 3474 πειθόμενοι
897 3411 978 3478 τῷ
1014 3402 1148 3478 ἱερῷ
1185 3403 1485 3479 ἀποστόλῳ
1522 3403 1686 3474 ἴσμεν
1723 3401 1810 3461 ὅτι
1847 3401 2026 3470 οὕτως
2064 3407 2213 3474 ἡμᾶς
2248 3401 2393 3472 ὁρᾶν
2426 3401 2497 3459 τὰ
2536 3400 3018 3473 ἀποκεκρυμμένα

397 3491 679 3559 μυστήρια
730 3491 1029 3560 προσήκει,
1083 3485 1164 3554 ὼς
1199 3489 1371 3555 αὐτὸς
1406 3484 1534 3560 ἔφη·
1596 3489 1909 3562 »βλέπομεν
1944 3487 2056 3562 γὰρ
2092 3485 2250 3560 ἄρτια
2294 3489 2465 3558 φησὶν
2504 3479 2602 3541 ιδι’
2636 3483 2917 3558 ἐσόπτρου
2952 3485 3018 3542 ἐν

571 3641 618 3694 2
661 3636 750 3706 (εἰ)
804 3669 868 3676 -
928 3641 978 3712 7,
1020 3635 1131 3708 (ἂν)
1167 3641 1286 3706 165,
1321 3641 1566 3704 27-33;
1622 3641 1670 3695 5
1705 3641 1869 3708 (πῶς)
1923 3670 1989 3679 -
2045 3641 2089 3696 ¹7
2147 3633 2261 3698 (ἂν)
2297 3641 2379 3700 45,
2417 3639 2580 3701 5-6;
2646 3639 2693 3692 5
2736 3641 2896 3706 (πῶς)
2947 3669 3015 3712 ε·-

401 3709 484 3760 11
519 3708 733 3778 (πατρί)
767 3707 883 3774 170,
920 3707 1130 3760 19-26
1174 3739 1241 3746 —
1293 3709 1544 3764 12—14
1577 3709 1695 3774 169,
1731 3709 1895 3760 8-11
1937 3737 2003 3747 -—
2055 3707 2309 3761 15—18
2358 3709 2442 3772 55,
2478 3707 2623 3758 4-8
2656 3736 2718 3744 -
2756 3709 3019 3763 19-24

401 3776 488 3840 55,
539 3775 742 3827 11-18
803 3804 864 3813 -
935 3775 1157 3830 525—8.
1205 3777 1358 3840 212,
1408 3777 1455 3830 9
1505 3772 1614 3844 (ἣν)
1671 3778 1757 3839 55,
1801 3776 2035 3842 22-56,
2090 3776 2121 3826 7
2168 3774 2287 3844 (vyl.
2332 3775 2469 3827 noch
2526 3774 2580 3827 S.
2627 3773 2709 3834 56,
2758 3776 3015 3844 11—1-1);

403 3841 628 3898 25—8.
665 3843 822 3911 212,
859 3844 908 3896 4
943 3844 1292 3911 (δυνήσομαι)
1329 3845 1444 3910 166,
1482 3846 1600 3896 18-
1616 3844 1694 3897 30

568 3977 606 4030 4
640 3977 794 4032 Rom.
829 3979 878 4044 8,
916 3979 977 4031 21
1018 4007 1082 4016 —
1120 3977 1200 4033 51
1227 3979 1370 4032 Phil.
1407 3979 1454 4044 2,
1495 3982 1524 4033 7
1568 4009 1635 4018 -
1683 3981 1761 4034 10
1794 3979 1820 4031 I
1862 3979 1991 4033 Kor.
2029 3981 2109 4041 15,
2147 3979 2213 4030 24
2248 4005 2313 4014 —
2354 3975 2431 4030 13
2466 3976 2589 4031 Joh.
2625 3979 2673 4040 6,
2710 3979 2913 4033 61-63
2947 4008 3014 4018 -

401 4043 474 4098 81
515 4045 540 4097 l
575 4045 705 4098 Kor.
743 4047 823 4106 13,
861 4045 925 4098 12

572 4181 603 4234 1
665 4176 844 4233 αἰῶνα
879 4178 1158 4253 μέλλοντα
1196 4181 1300 4234 We
1347 4177 1413 4236 ὃν
1450 4176 1650 4249 ἔμελεν
1685 4182 1762 4234 V²
1796 4182 1846 4238 (‘?
1881 4181 1911 4234 ⁴?
1950 4179 2050 4246 V*)
2118 4181 2127 4247 Ι
2192 4181 2227 4234 2
2282 4177 2352 4246 εἰ]
2387 4176 2420 4245 ἢ
2462 4179 2506 4230 V
2543 4182 2624 4242 54,
2662 4182 2724 4233 21
2790 4182 2799 4247 Ι
2866 4180 3011 4236 2-4

397 4254 579 4319 καιρῷ
627 4275 692 4286 -·
735 4247 852 4316 καὶ]
896 4247 953 4300 in
990 4249 1038 4300 V
1085 4253 1166 4310 54,
1212 4251 1414 4304 21-23
1460 4267 1503 4301 z.
1541 4249 1601 4302 T.
1645 4247 1802 4302 nicht
1845 4249 2002 4302 mehr
2047 4265 2113 4301 zu
2156 4248 2305 4302 lesen
2356 4265 2385 4298 v
2430 4247 2465 4299 1.
2502 4265 2568 4299 zu
2604 4248 2653 4299 S.
2692 4253 2771 4310 54,
2809 4249 3011 4304 21—23

399 4315 408 4381 Ι
469 4315 505 4370 5
563 4309 662 4383 ἔτι]
699 4307 815 4396 {qu
853 4316 894 4368 V
936 4319 1016 4382 54,
1053 4317 1119 4370 25
1156 4313 1265 4373 ἔδει
1305 4316 1348 4368 V
1385 4320 1468 4380 45,
1506 4321 1538 4371 5
1600 4319 1608 4382 Ι
1673 4319 1711 4372 6
1761 4317 1936 4405 λόγῳ]
1972 4323 2037 4378 -Ι-
2073 4308 2149 4370 δι’
2189 4313 2360 4381 αὐτὴν
2486 4317 2701 4396 165,‚33
2737 4324 2802 4377 -†-
2838 4313 2923 4370 διὸ
2963 4317 3011 4369 V

395 4385 478 4440 45.
513 4384 545 4436 6
583 4390 646 4445 -Ι-
684 4384 738 4435 δι
790 4381 966 4438 αἰτοῦ
1003 4384 1050 4437 V
1089 4389 1202 4447 170,
1240 4387 1307 4440 20
1341 4387 1457 4453 (shr.
1497 4385 1590 4452 V2)
1654 4387 1662 4450 1
1733 4385 1760 4438 7
1806 4383 2259 4454 αδύναταονν45,
2286 4387 2317 4436 b*
2366 4385 2374 4450 Ι
2421 4380 2609 4451 γένοιτ
2665 4377 2736 4437 ἂν
2772 4381 3011 4438 δυνατόν

397 4453 510 4518 165,
535 4451 602 4505 33
649 4453 656 4518 Ι
703 4444 908 4518 γένοιτ’
933 4445 1026 4512 ἄν;
1067 4453 1282 4523 σαφῶς]
1318 4451 1429 4520 vgl.
1449 4471 1514 4505 zu
1534 4451 1583 4504 S.
1611 4455 1690 4514 54,
1717 4453 1784 4506 26
1801 4455 1861 4522 f}
1893 4447 1941 4507 δ’
1967 4452 2087 4520 οὐν]
2159 4460 2258 4505 οῦν
2287 4453 2479 4510 17(),21
2530 4451 2540 4517 Ι
2587 4452 2624 4502 9
2664 4449 2841 4521 συμβέ
2909 4469 3013 4524 κεν

401 4521 484 4582 54,
522 4519 589 4574 29
643 4525 652 4585 Ι
715 4513 860 4586 ἔχειν
898 4521 1011 4586 170,
1046 4523 1115 4596 ,24
1167 4525 1174 4586 1
1233 4523 1309 4575 10
1343 4522 1580 4591 παραδῷ
1617 4520 1695 4571 V2
1731 4523 1844 4578 170.
1884 4523 1951 4575 25
2003 4522 2011 4587 Ι
2069 4469 2155 4576 lg
2180 4517 2557 4588 γραψάμενος
2588 4516 2686 4582 V*,
2724 4535 2857 4572 corr.
2934 4523 2955 4555 2
3002 4519 3009 4586 fl

403 4587 480 4640 :28
517 4582 636 4640 ἐστι
663 4587 732 4660 K}
770 4582 856 4642 ὅτι
883 4587 928 4638 V
977 4589 985 4649 Ι
1035 4589 1113 4643 24
1148 4587 1322 4658 μηδὲν
1347 4588 1428 4640 V*
1463 4586 1604 4656 μηδὲ
1623 4588 1701 4638 ve
1757 4591 1766 4654 Ι
1819 4587 2106 4659 διαφέρειν
2130 4605 2157 4639 r
2190 4587 2551 4654 dtaqmpelvv
2601 4588 2609 4648 Ι
2659 4586 2735 4640 25
2772 4583 2826 4640 εἰ
2844 4583 2904 4640 δέ
2926 4604 3010 4648 τις

395 4655 526 4726 περὶ
561 4671 613 4728 ιι.
652 4655 876 4710 29-30
911 4656 1056 4724 πρὸς
1081 4688 1144 4694 —-
1172 4654 1672 4724 ἀποκεκρυμμένα]
1707 4657 1818 4724 vgl.
1846 4675 1911 4709 zu
1938 4659 1987 4709 S.
2016 4660 2095 4721 53,
2121 4655 2201 4708 24.
2228 4657 2431 4707 27-29
2485 4655 2493 4718 Ι
2552 4655 2635 4728 ’270
2666 4652 2843 4722 παρὰ]
2878 4654 3009 4720 περὶ

397 4722 440 4773 V
480 4725 562 4788 55,
600 4723 668 4775 24
706 4722 786 4773 V*
823 4725 938 4787 166,
975 4727 1041 4778 20
1075 4725 1232 4792 (corr.
1277 4724 1363 4792 V2)
1430 4726 1438 4791 Ι
1503 4723 1576 4778 31
1607 4719 1907 4795 εἰσόπτρου
1931 4725 1973 4777 V
1998 4726 2108 4786 166,
2130 4725 2197 4777 26
2235 4723 2245 4789 Ι
2298 4719 2358 4776 ἐν
2385 4732 2448 4778 <
2474 4722 2521 4774 V
2552 4722 2663 4786 166,
2690 4723 2755 4776 26

2481 4807 2585 4859 14*
