3694 5582
1203 471 1398 524 eontra.
1431 469 1750 524 Marcellum
1789 469 1842 521 ΙΙ
1878 469 1925 522 3.
1962 471 2011 522 4.
2831 477 2911 538 53

427 629 806 715 ἀπόστολός
851 655 1056 721 φησιν
1095 631 1528 719 παραδώσειν
1559 631 1688 720 τὴν
1714 639 2075 716 βασιλείαν,
2116 628 2441 720 δηλονότι
2472 639 2575 722 τῶ
2620 638 2767 720 θεῷ
2808 638 2909 720 τῷ

421 729 920 822 καταστήσαντι
963 727 1194 814 αὐτόν,
1239 729 1336 815 ῶς
1379 727 1422 820 ἧ
1466 729 1690 820 γραφή
1735 755 1959 819 φησιν.
2004 738 2293 816 βασιλέα.

306 841 408 904 καὶ
449 828 598 921 μεθ’
644 833 840 922 ἕτερα
883 827 1072 902 ου’τω
1118 829 1412 920 γράφειΙ
2979 851 3141 920 4151

382 936 558 1025 (Nr
591 941 732 1018 103)
780 929 1034 1004 οὐκοῦν
1073 935 1374 1022 ἐνεργείᾳ
1413 927 1590 1020 μόνῃ
1634 929 1744 1001 διὰ
1789 929 1919 1018 τὴν
1948 935 2071 1020 τῆς
2100 929 2347 1020 σαρκὸς
2384 929 2733 1019 πρόφασιν
2763 932 2911 1020 ἄχρι

250 1045 280 1098 5
339 1051 349 1063 ‘
401 1030 761 1104 ’τοσούτου
787 1039 1198 1120 κεχωρίσθαι
1227 1036 1354 1102 τοῦ
1380 1027 1646 1119 πατρὸς
1684 1038 2021 1116 φαίνεται,
2066 1029 2219 1118 ἄχρι
2262 1023 2343 1102 οὗ
2389 1029 2475 1102 ἂν
2520 1027 2559 1102 ὁ
2602 1033 2913 1120 προσιὼν

422 1137 542 1220 τῆς
583 1137 865 1221 κρίσεως
909 1127 1228 1219 ἀναφανῇ
1273 1126 1534 1221 καιρός,
1589 1133 1698 1200 ἵνα
1742 1137 1892 1200 τῶν
1936 1136 2309 1218 τηνικαῦτα
2354 1129 2915 1220 ἐκκεντηοάντων

421 1231 594 1302 κατὰ
635 1229 768 1319 τὴν
807 1239 1242 1320 προφητείαν
1285 1227 1702 1318 ἑωρακότων
1731 1229 1859 1302 τὸν
1890 1235 2407 1320 ἐκκεντηθέντα,
2453 1224 2639 1303 οὕτω
2683 1238 2793 1301 καὶ
2828 1229 2910 1301 τὸ

421 1327 826 1419 λειπόμενον
887 1326 1295 1414 ἀκολούθως
1351 1336 1644 1420 γένηται.
1741 1328 2034 1402 πάντων
2086 1330 2213 1418 γὰρ
2256 1335 2329 1401 ἐν
2376 1337 2479 1420 τῷ
2522 1337 2737 1420 καιρῷ
2786 1337 2913 1402 τοῦ
2979 1353 3013 1406 5

420 1436 658 1514 τέλους
709 1425 1216 1503 ὑποτάσσεσθαι
1275 1427 1678 1519 μελλόντων
1739 1437 1842 1519 τῷ
1892 1436 2199 1519 Χριστῷ,
2264 1427 2360 1513 ῶς
2422 1426 2463 1502 δ
2526 1426 2913 1510 ἀπόστολος

220 1539 278 1592 10
419 1533 578 1618 ἔφη,
639 1537 1014 1619 τηνικαῦτα
1079 1525 1323 1613 »αὖτός
1381 1525 1883 1619 ὑποταγήσεται
1946 1536 2049 1618 τῷ
2110 1527 2533 1617 ὑποτάξαντι
2592 1526 2783 1619 αὐτῷ
2826 1530 2915 1600 τὰ

417 1628 706 1703 πάντας.
792 1638 860 1700 τί
904 1638 1139 1702 τοίνυν
1179 1625 1622 1718 μανθάνομεν
1663 1635 1814 1716 περὶ
1862 1635 1985 1717 τῆς
2026 1628 2478 1720 ἀνθρωπίνης
2520 1627 2784 1716 σαρκός,
2832 1627 2915 1719 ἣν

421 1727 499 1802 δι’
547 1726 718 1820 ἡμᾶς
769 1725 1140 1818 ἀνείληφεν
1199 1723 1238 1800 ό
1293 1725 1496 1817 λόγος
1554 1729 1690 1818 πρὸ
1752 1739 2217 1817 τετρακοσίων
2278 1727 2401 1818 οὐχ
2462 1723 2649 1801 ὅλων
2710 1733 2917 1811 ἐτῶν;

421 1825 786 1917 <πότερόν>
829 1856 1005 1903 ποτε
1049 1825 1312 1917 ταύτην
1339 1835 1451 1899 καὶ
1480 1834 1556 1900 ἐν
1589 1846 1733 1911 τοῖς
1763 1834 2128 1917 μέλλουσιν
2174 1835 2413 1900 αἰῶσιν
2456 1825 2495 1901 ὁ
2540 1826 2744 1917 λόγος
2775 1831 2917 1915 ἕξει,

419 1925 460 2018 ἢ
503 1929 658 2018 ἄχρι
697 1926 918 2017 μόνου
961 1934 1090 2001 τοῦ
1132 1934 1257 2018 τῆς
1298 1937 1577 2016 κρίσεως
1629 1935 1905 2016 καιροῦ,·
1976 1926 2233 2018 ἀνάγκη
2296 1929 2423 2019 γὰρ
2484 1929 2568 2002 τὸ
2612 1925 2749 2000 ὖπὸ
2794 1934 2919 2000 τοῦ

219 2033 276 2087 15
418 2026 788 2119 προφήτου
839 2031 1086 2116 λεχθὲν
1137 2030 1314 2118 εργῳ
1355 2034 1830 2118 βεβαιωθῆναι.
1924 2021 2255 2116 »ὄψονται
2299 2029 2461 2116 γὰρ(
2522 2035 2729 2118 φησὶν
2787 2035 2919 2112 »εἰς

419 2121 502 2198 ὃν
541 2133 1050 2216 έξεκέντησανι·
1112 2131 1556 2216 ἐξεκέντησαν
1597 2132 1670 2198 δὲ
1713 2125 2041 2218 δηλονότι
2084 2127 2215 2216 τὴν
2258 2124 2493 2216 σάρκα.

304 2235 406 2298 καὶ
445 2235 906 2318 προστίθησιν
947 2223 1100 2316 μεθ’
1149 2228 1342 2314 ἕτερα
1388 2233 1612 2315 λέγων
2981 2263 3015 2312 6

419 2331 556 2414 (Nr.
599 2334 744 2413 104)
798 2354 909 2398 οτι
965 2323 1090 2414 γὰρ
1143 2322 1266 2416 οὐχ
1317 2322 1402 2398 ἵν’
1449 2323 1488 2398 ὁ
1542 2323 1748 2415 λόγος
1801 2325 2135 2416 ῶφεληθῇ
2192 2325 2323 2416 τὴν
2367 2322 2697 2416 ἡμετέραν
2742 2325 2913 2398 ἀνεί-

263 2488 270 2497 ,
340 2442 349 2455 “
422 2438 640 2550 ληφεν
683 2423 920 2547 σάρκαί
959 2421 1109 2498 ἀλλ’
1141 2421 1325 2545 ΐναῆ
1369 2424 1534 2512 σὰρξ
1576 2427 1686 2497 διὰ
1712 2426 1859 2548 ,1⁷:1¹²
1901 2425 2077 2548 ,πρὸς
2119 2425 2247 2497 τὸν
2290 2423 2501 2515 λόγον
2540 2436 2917 2548 κοινωνίαν

423 2624 714 2712 φάσεως.
797 2631 951 2712 περὶ
995 2624 1122 2712 γὰρ
1167 2631 1290 2715 τῆς
1343 2621 1614 2713 σαρκός,
1678 2621 1765 2713 ἣν
1825 2628 2001 2714 ἔχων
2062 2623 2297 2714 ῶμίλει
2358 2644 2505 2708 τοῖς
2562 2637 2918 2714 μαθηταῖς,

423 2722 610 2797 οὕτω
656 2729 830 2813 λέγει
879 2729 1128 2797 »τοῦτο
1173 2720 1342 2813 ὖμᾶς
1385 2732 1839 2813 σκανδαλίζει;
1884 2726 2003 2798 ἐὰν
2048 2719 2173 2799 οὖν
2216 2731 2403 2815 ἴδητε
2444 2725 2575 2800 τὸν
2614 2725 2763 2799 υἱὸν
2793 2732 2919 2799 τοῦ

423 2823 814 2915 ἀνθρώπου
855 2821 1151 2897 ἀπιόντα
1195 2818 1374 2896 ὅπου
1415 2816 1504 2913 ἦν
1545 2824 1629 2896 τὸ
1681 2824 2083 2913 πρότερον;“
2122 2828 2205 2899 τὸ
2259 2833 2522 2916 πνεῦμα
2578 2837 2916 2913 ζωοποιεῖ.

425 2922 464 3015 ἦ
505 2925 678 3014 σὰρξ
720 2921 918 2997 οὐδὲν
961 2922 1270 3011 ῶφελετι.
1343 2928 1402 2996 εί
1429 2916 1556 2995 οὖν
1584 2919 1905 3015 ὁμολογεῖ
1945 2926 2075 3016 τὴν
2118 2923 2329 3014 σάρκα
2375 2934 2583 3017 μηδὲν
2626 2923 2920 3012 ὠφελεῖν

217 3024 274 3077 25
425 3021 670 3111 αὐτόν,
729 3031 883 3107 πῶς
932 3028 1216 3115 ἐγχωρεῖ
1263 3022 1395 3112 τὴν
1445 3027 1520 3094 ἐκ
1571 3031 1692 3113 γῆς
1737 3056 1810 3097 τε
1856 3018 2069 3097 οὖσαν
2106 3032 2219 3098 καὶ
2263 3030 2474 3116 μηδὲν
2516 3023 2918 3112 ὠφελοῦσαν

421 3132 530 3197 καὶ
574 3129 652 3195 ἐν
695 3142 842 3208 τοῖς
885 3131 1244 3212 μέλλουσιν
1284 3126 1524 3195 αἰῶσιν
1567 3122 1662 3207 οὖς
1705 3122 1893 3213 αὐτῷ
1942 3133 2427 3198 λυσιτελοῦσαν
2470 3143 2769 3196 συνεῖναι
2814 3132 2915 3213 τῷ

423 3220 640 3314 λόγῳ;
682 3223 795 3296 διὰ
837 3229 1046 3296 τοῦτο
1079 3220 1206 3312 γάρ
1235 3252 1350 3311 μοι
1379 3230 1569 3295 δοκεῖ
1606 3232 1716 3294 καὶ
1749 3220 1786 3295 ὁ
1831 3223 2339 3313 παντοκράτωρ
2384 3222 2718 3314 δεσπότης
2746 3225 2917 3311 πρὸς
2986 3252 3017 3303 7

421 3319 637 3395 αὐτὸν
681 3330 900 3410 λέγειν
949 3320 1212 3395 »κάθου
1251 3327 1326 3395 ἐκ
1367 3327 1610 3410 δεξιῶν
1651 3352 1783 3412 μου
1827 3325 1955 3407 ἕως
1987 3322 2071 3395 ἂν
2114 3332 2227 3413 θῷ
2273 3324 2435 3406 τοὺς
2476 3323 2764 3413 ἐχθρούς
2792 3348 2917 3396 σου

419 3418 810 3494 ὑποπόδιον
851 3429 1000 3494 τῶν
1039 3429 1282 3493 ποδῶν
1319 3447 1500 3495 nov«.
1580 3428 1875 3514 ἐνεργείᾳ
1919 3420 2093 3513 μόνῃ
2138 3423 2247 3494 διὰ
2292 3421 2425 3512 τὴν
2468 3422 2920 3513 ἀνθρωπίνην

216 3520 276 3574 30
420 3518 636 3609 σάρκα
678 3530 990 3610 χωρίζειν
1033 3518 1248 3593 αὐτὸν
1285 3530 1519 3595 δοκῶν
1563 3531 1674 3593 καὶ
1719 3520 1948 3609 ῶσπερ
2002 3519 2215 3611 ῥητόν
2272 3550 2429 3591 τινα
2478 3518 2731 3609 χρόνον
2782 3518 2918 3611 ὁρί-

422 3632 564 3706 ζων
592 3618 786 3711 αὐτῷ
818 3627 940 3711 τῆς
965 3626 1042 3693 ἐν
1083 3625 1264 3714 δεξιᾷ
1303 3628 1644 3712 καθέδρας
1673 3614 1863 3692 οὕτω
1896 3628 2103 3709 φησὶν
2145 3619 2318 3709 πρὸς
2362 3616 2575 3691 αὐτὸν
2625 3622 2792 3703 »ἕως
2832 3620 2918 3693 ἂν

432 3731 542 3813 θῶ
589 3722 754 3805 τοὺς
797 3718 1084 3811 ἐχθρούς
1131 3744 1254 3792 σου
1294 3716 1680 3792 ὗποπόδιον
1725 3730 1871 3792 τῶν
1913 3727 2155 3792 ποδῶν
2196 3743 2375 3791 σουι.
2463 3726 2673 3791 τοῦτο
2720 3728 2787 3791 δὲ
2834 3720 2916 3791 τὸ
2986 3737 3021 3791 8

420 3820 860 3913 προφητικὸν
903 3826 1030 3893 τοῦ
1061 3826 1269 3891 Δαυὶδ
1308 3819 1524 3910 ῥητὸν
1567 3828 1986 3910 σαφέστερον
2030 3816 2187 3909 ἡμῖν
2229 3817 2619 3908 ἑρμηνεύων
2662 3815 2700 3891 ὁ
2744 3822 2920 3908 ἱερὸς

469 4048 502 4103 1
542 4048 566 4099 1
605 4042 734 4099 Kor.
771 4046 853 4109 15,
889 4045 956 4099 24
991 4074 1058 4082 —
1095 4042 1132 4097 2
1169 4043 1256 4097 Pe.
1293 4044 1342 4106 2,
1379 4044 1412 4098 6
1447 4073 1516 4082 -
1562 4044 1596 4099 7
1633 4042 1756 4097 Joh.
1794 4044 1875 4108 19,
1910 4044 1977 4099 37
2014 4041 2195 4111 (Zaeh.
2234 4042 2317 4107 12,
2353 4042 2437 4107 10)
2481 4070 2549 4080 -
2603 4040 2703 4097 8¹1
2733 4042 2757 4093 I
2796 4042 2921 4096 Kor.

305 4152 380 4215 15,
413 4150 482 4204 23
513 4178 582 4188 —
622 4146 698 4202 15
735 4144 858 4201 Joh.
895 4146 978 4212 19,
1011 4147 1082 4201 37
1117 4144 1298 4213 (zach.
1337 4146 1420 4208 12,
1458 4146 1542 4213 10)
1579 4173 1646 4183 -
1685 4144 1762 4200 22
1797 4144 1923 4199 Joh.
1948 4146 1997 4209 6,
2036 4144 2240 4199 61-63
2276 4173 2345 4182 —
2399 4142 2475 4199 28
2508 4142 2597 4196 Ps.
2636 4143 2749 4209 109,
2789 4146 2815 4197 1
2856 4172 2923 4183 —

307 4250 376 4306 81
417 4252 501 4305 Ps.
540 4250 726 4316 109‚-1

470 4451 503 4506 1
539 4448 802 4521 δηλονότι
839 4456 908 4507 <
949 4446 1074 4502 and.
1114 4448 1190 4501 st.
1245 4448 1256 4515 Ι
1312 4448 1386 4503 11
1423 4448 1480 4503 τί
1512 4446 1638 4502 and.
1676 4446 1752 4501 St.
1791 4442 1889 4501 ὅτε
1929 4446 1977 4499 V
2033 4448 2041 4511 Ι
2100 4446 2177 4501 18
2214 4445 2461 4516 πότερόν
2507 4464 2647 4501 ποτε
2684 4446 2811 4501 and.
2846 4446 2925 4500 St.

305 4551 494 4607 τότεᾯΓ
525 4552 536 4619 Ι
569 4550 648 4607 15
676 4546 824 4625 ἔργῳ
845 4550 922 4603 V²
955 4544 1130 4619 ἔργον
1159 4550 1240 4603 V*
1294 4551 1304 4617 Ι
1359 4550 1440 4607 20
1477 4543 1576 4605 ἀπ’
1611 4567 1650 4618 g
1683 4540 1778 4601 ὑπ’
1815 4547 1863 4598 V
1918 4550 1927 4613 1
1982 4546 2059 4602 26
2094 4542 2177 4612 ὼς
2220 4542 2403 4613 αὔτως
2428 4548 2509 4599 Υ*
2544 4544 2815 4611 ὡσαύτως
2852 4548 2928 4598 V²

311 4654 318 4717 1
379 4654 452 4708 27
490 4650 929 4725 παντοκράτωρ]
967 4658 1032 4715 -Ι-
1065 4650 1207 4717 θεὸς
1241 4648 1274 4705 δ
1311 4651 1436 4705 and.
1475 4651 1552 4705 St.
1601 4652 1611 4717 1
1666 4650 1746 4706 80
1781 4650 1969 4703 δοκῶν
2004 4647 2133 4701 and.
2172 4649 2247 4703 St.
2284 4651 2437 4703 δοκῶ
2475 4648 2521 4701 V
