3694 5582
713 473 793 534 20
1896 462 2162 518 Eusebius

839 624 1223 716 γεννήσας
1285 632 1366 713 ἐξ
1419 621 1668 698 αύτοῦ
1711 624 1855 697 τὸν
1896 633 2294 718 μονογενῆ
2339 623 2583 716 λόγον
2626 633 2754 698 καὶ
2798 622 3343 714 πρωτότοκον

839 725 1092 816 πάσης
1152 734 1500 808 κτίσεως.
1586 722 1941 816 ἀμφότερα
2000 724 2304 815 συνάψας
2363 735 2698 817 γέγραφεν
2759 731 3143 818 μονογενῆ
3210 733 3337 797 καὶ

838 826 1402 916 πρωτότοκον,
1448 832 1713 916 πολλῆς
1759 824 2249 917 ἐναντιότητος
2286 831 2361 900 ἐν
2390 847 2535 912 τοῖς
2566 823 2892 917 ὀνόμασιν
2935 821 3139 916 οῦσης
3182 825 3340 897 τού-

841 956 1006 1012 τοις,
1052 924 1148 1008 ώς
1193 930 1377 999 ἔστιν
1407 925 1645 1018 ῥάδιον
1684 936 1797 1000 καὶ
1845 947 1991 1011 τοῖς
2039 923 2301 1016 σφόδρα
2346 933 2755 1018 δυσμαθέσιν
2785 933 3060 1016 γνῶναι.
3123 931 3341 1016 δῆλον
3377 943 3449 994 13

646 1050 678 1102 5
839 1027 963 1116 γὰρ
1027 1021 1137 1099 ότι
1199 1022 1237 1098 ὁ
1299 1026 1699 1118 μονογενής,
1763 1031 1820 1098 εἰ
1882 1021 2107 1110 ὄντως
2164 1027 2539 1116 μονογενὴς
2592 1032 2721 1136 ειη,
2785 1023 3013 1099 ούκέτι
3064 1024 3341 1114 πρωτό-

843 1157 1048 1210 τοκος
1077 1127 1250 1200 εἶναι
1282 1125 1578 1212 δύναται,
1623 1137 1737 1198 καὶ
1767 1157 1804 1198 ο
1837 1123 2293 1215 πρωτότοκος
2322 1121 2363 1216 ᾖ
2396 1116 2912 1218 (πρωτότοκος)
2944 1122 3027 1199 ού
3056 1125 3343 1199 δύναται

837 1228 1210 1317 μονογενὴς
1253 1230 1441 1300 εἶναι.

713 1336 824 1399 καὶ
873 1333 946 1400 ἐν
980 1326 1253 1409 τούτοις
1297 1334 1369 1398 δὲ
1412 1325 1540 1397 τὸν
1581 1323 1922 1414 Ἀστέριον
1966 1331 2266 1399 αἰτιᾶται
2308 1324 2567 1416 μάτην·
2610 1323 2693 1398 ού
2736 1355 2863 1416 γαρ
2908 1323 3122 1399 αύτοῦ
3164 1322 3342 1398 ἀλλὰ

716 1435 838 1519 τῆς
867 1437 1061 1510 θείας
1099 1432 1363 1517 γραφῆς
1405 1425 1780 1516 ἐτύγχανον
1823 1429 1892 1497 αἱ
1938 1435 1948 1510 Ι
1990 1424 2115 1499 τὸν
2154 1425 2305 1498 υἱὸν
2348 1433 2475 1500 τοῦ
2517 1433 2689 1499 θεοῦ
2730 1431 2905 1499 ποτὲ
2945 1432 3068 1515 μὲν
3111 1433 3342 1516 λέγου-
3379 1441 3459 1495 21

615 1543 682 1596 10
716 1555 826 1601 σαι
877 1533 1210 1618 μονογενῆ
1273 1526 1423 1598 υἱὸν
1465 1532 1640 1598 ποτε
1697 1532 1770 1599 δὲ
1811 1521 2273 1614 πρωτότοκον
2330 1531 2443 1599 36v
2498 1524 2717 1616 πάσης
2760 1535 3047 1609 κτίσεως
3092 1534 3342 1614 φωναί.

664 1651 677 1663 ·
719 1623 918 1712 αὖθις
965 1635 1036 1700 δὲ
1083 1623 1409 1698 συνάπτει
1451 1624 1728 1708 τούτοις
1774 1633 1999 1713 λέγων
3378 1643 3443 1694 14

619 1743 712 1810 Γ)
861 1732 999 1816 (Nr.
1039 1732 1142 1815 76)
1187 1721 1334 1797 ἀλλ’
1384 1723 1719 1814 ἀφέμενος
1763 1732 1887 1814 τῆς
1932 1723 2235 1816 ἀληθοῦς
2278 1724 2597 1814 γνώσεως
2641 1728 2773 1816 τὴν
2817 1731 3139 1816 ἔντεχνον
3182 1722 3343 1817 ἡμῖν

655 1853 662 1861 ’
750 1852 758 1905 ;
799 1860 814 1896 =.
842 1835 954 1897 καὶ
983 1832 1108 1896 νῦν
1139 1829 1526 1911 ἐπεδείξατο
1571 1833 1893 1913 θεωρίαν.
1968 1821 2092 1898 ούκ
2130 1827 2303 1913 ἔχων
2342 1826 2470 1914 γὰρ
2502 1829 2577 1896 ἐκ
2612 1835 2761 1900 τῶν
2801 1835 3021 1898 θείων
3049 1833 3343 1916 γραφῶν

844 1925 928 1997 τὸ
961 1927 1207 1998 ἑαυτοῦ
1236 1923 1727 1997 κατασκευάσαι
1770 1922 2092 2015 βούλημα,
2124 1928 2235 1997 ἐπὶ
2267 1925 2428 2008 τοῦς
2458 1924 2931 2012 σοφωτάτους,
2976 1923 3073 2009 ώς
3103 1930 3339 2011 οἴεται,

618 2040 683 2093 15
847 2023 1195 2114 ἀνατρέχει
1224 2030 1520 2111 πατέρας
1552 2021 1864 2112 φάσκων·
1909 2017 2103 2114 ὅπερ
2148 2027 2222 2096 οἱ
2264 2025 2738 2111 σοφώτατοι
2768 2033 2933 2098 τῶν
2964 2031 3341 2115 πατέρων

843 2131 926 2199 ἐν
971 2145 1143 2210 τοῖς
1187 2131 1519 2206 οἰκείοις
1561 2122 2103 2213 συντάγμασιν
2148 2121 2689 2213 ἀπεφήναντο.
2774 2121 3125 2212 ἀπόφασιν
3168 2121 3338 2198 ἀπο·
3378 2139 3442 2191 15

839 2223 1191 2314 πεφάσθαι
1244 2225 1406 2307 τοὺς
1458 2226 1709 2297 ἑαυτοῦ
1757 2231 2060 2312 πατέρας
2102 2221 2434 2314 Ἀστέριός
2486 2249 2690 2312 φησιν
2736 2233 2849 2296 καὶ
2906 2225 3120 2316 δόγμα
3182 2233 3339 2313 περὶ

840 2332 1010 2398 θεοῦ
1039 2331 1442 2414 γεγραφέναι
1474 2320 1610 2396 ἀπὸ
1642 2330 1765 2413 τῆς
1795 2330 2043 2406 οἰκείας
2078 2327 2346 2396 ἑαυτῶν
2388 2331 2863 2413 προαιρέσεως.
2938 2324 3021 2396 τὸ
3051 2324 3178 2415 γὰρ
3208 2331 3337 2398 τοῦ

843 2423 1176 2516 δόγματος
1207 2417 1426 2512 ὄνομα
1456 2431 1579 2514 τῆς
1609 2420 2055 2512 ἀνθρωπίνης
2085 2427 2304 2512 ἔχεται
2334 2429 2581 2514 βουλῆς
2612 2452 2687 2494 τε
2713 2431 2827 2494 καὶ
2871 2423 3168 2514 γνώμης.
3226 2421 3339 2497 ὅτι
3377 2438 3440 2492 16

615 2546 683 2600 20
845 2532 916 2596 δὲ
956 2521 1153 2596 τοῦθ’
1200 2517 1425 2606 οὕτως
1475 2527 1604 2612 ἔχει
1646 2541 1971 2611 μαρτυρεῖ
2011 2530 2133 2612 μὲν
2178 2519 2339 2613 ἡμῖν
2380 2526 2633 2605 ἱκανῶς
2686 2519 2725 2612 ἦ
2773 2524 3147 2615 δογματικὴ
3192 2534 3339 2599 τῶν

843 2631 1107 2712 ἰατρῶν
1160 2629 1390 2712 τέχνη,
1453 2641 1783 2711 μαρτυρεῖ
1834 2627 1907 2693 δὲ
1953 2631 2065 2693 καὶ
2123 2622 2207 2694 τὰ
2274 2629 2422 2694 τῶν
2485 2622 2892 2710 φιλοσόφων
2951 2623 3339 2714 καλούμενα

843 2720 1244 2813 <δὸγματα>·
1332 2716 1441 2794 ὅτι
1505 2728 1575 2794 δὲ
1619 2730 1731 2793 καὶ
1779 2720 1867 2793 τὰ
1928 2720 2287 2814 συγκλήτῳ
2350 2720 2647 2811 δόξαντα
2701 2725 2803 2794 ἔτι
2847 2731 2959 2795 καὶ
3020 2731 3145 2799 νῦν
3188 2724 3338 2815 δόγ-

839 2852 1022 2912 ματα
1075 2819 1456 2911 συγκλήτου
1508 2828 1786 2909 λέγεται,
1835 2819 2077 2896 ούδένα
2123 2820 2431 2945 ἀγνοεῖν
2438 2825 2639 2912 οἶμαι.

717 2932 827 2994 καὶ
888 2930 1104 2996 ταῦτα
1147 2928 1218 2993 δὲ
1264 2953 1303 2994 ο
1349 2920 1772 3009 Μάρκελλος,
1829 2919 2304 3013 ἀμνημονὴσας
2328 2928 2469 3043 ’τῆς
2510 2919 2970 3013 ἀποστολικῆς
3014 2932 3250 3015 φωνῆς
3298 2922 3341 3016 ἥ

615 3048 680 3102 25
720 3049 924 3115 φησιν
981 3030 1134 3111 περὶ
1194 3028 1322 3094 τοῦ
1383 3028 1692 3111 σωτῆρος
1761 3022 1925 3094 »τὸν
1986 3022 2200 3110 νόμον
2262 3030 2406 3093 τῶν
2466 3026 2777 3095 ἐντολῶν
2830 3044 2975 3107 τοῖς
3017 3022 3341 3115 δόγμασιν

715 3122 1201 3214 καταργήσαςι,
1263 3118 1581 3212 προήχθη
1627 3129 1870 3195 εἰπεῖν
1921 3120 2095 3194 ἀλλὰ
2144 3131 2256 3193 καὶ
2316 3128 2647 3213 μέμφεται
2712 3129 2812 3212 τῷ
2870 3131 3012 3196 δεῖν
3058 3124 3340 3196 ἕπεσθαι

719 3242 862 3307 τοῖς
905 3220 1264 3313 πατράσιν,
1311 3228 1432 3312 τῆς
1462 3227 1652 3305 θείας
1693 3221 2077 3311 φασκούσης
2105 3228 2369 3310 γραφῆς
2404 3223 2879 3311 »ἐπερώτησον
2911 3223 3037 3295 τὸν
3078 3229 3339 3313 πατέρα

717 3350 839 3396 σου
897 3332 1010 3395 καὶ
1055 3320 1409 3412 ἀναγγελεῖ
1447 3344 1588 3394 σοι·
1636 3322 1798 3403 τούς
1850 3328 2347 3410 πρεσβυτέρους
2402 3346 2524 3395 σου
2566 3330 2678 3393 καὶ
2722 3327 2991 3412 ἐροῦσίν
3034 3347 3177 3395 σοιι
3225 3331 3338 3395 καὶ
3376 3336 3436 3390 17

723 3425 845 3514 »μὴ
881 3431 1152 3514 μέταιρε
1198 3416 1349 3509 ὅρια
1379 3422 1622 3493 αἰώνια
1668 3413 1710 3491 ἅ
1755 3425 2001 3493 ἔθεντο
2056 3424 2121 3492 οἱ
2164 3428 2451 3510 πατέρες
2496 3444 2676 3493 nov«.
2766 3418 2883 3493 εἶτ’
2930 3418 3342 3511 ἀγανακτῶν

614 3546 682 3599 30
717 3519 828 3595 ὅτι
882 3531 1227 3595 Παυλῖνον
1268 3518 1603 3611 μακάριον
1646 3518 2089 3603 ἀπεκάλεσεν,
2149 3516 2320 3609 ὁμοῦ
2363 3548 2440 3591 τε
2482 3528 2709 3603 κακῶς
2756 3520 3081 3607 Εύσεβίου
3129 3520 3343 3596 πάλιν

715 3623 1178 3714 μνημονεύων,
1225 3616 1412 3693 οὕτω
1459 3617 1699 3710 γράφει

581 3763 594 3826 ,ι
615 3738 712 3810 «μ
841 3730 978 3811 (Nr.
1011 3728 1114 3813 77)
1144 3727 1592 3811 συνηγορῆσαι
1620 3720 1744 3809 γὰρ
1788 3727 2151 3808 βουληθεὶς
2195 3726 2298 3809 τῷ
2345 3720 2475 3809 τὴν
2516 3719 2885 3810 ἐπιστολὴν
2912 3728 3142 3805 κακῶς
3185 3720 3343 3812 γρά-

714 3856 724 3870 ’
841 3846 1052 3909 ψαντι
1111 3818 1439 3909 Εύσεβίῳ,
1501 3827 1832 3909 πρῶτον
1878 3824 2019 3909 μὲν
2067 3817 2157 3891 ού
2215 3824 2803 3903 διδασκαλικῶς
2848 3816 3343 3909 ἀναπτύξας,

841 3924 993 4012 ἔφη,
1038 3920 1130 3993 τὸ
1177 3918 1424 4009 δόγμα
1469 3919 1615 4009 τὴν
1659 3918 2100 4009 ἐπιστολὴν
2144 3926 2601 4005 συνέταξεν,
2650 3916 2738 3991 ού
2782 3919 2923 4009 γὰρ
2952 3921 3155 4012 πρὸς
3198 3921 3347 4012 τὴν

611 4043 679 4095 35
841 4028 1272 4109 ἐκκλησίαν
1301 4016 1481 4091 οὐδὲ
1523 4018 1721 4108 πρὸς
1767 4018 1952 4101 τοὺς
1996 4016 2493 4108 ἀγνοοῦντας
2522 4023 2882 4108 ἐγίγνετο
2914 4018 3004 4092 τὸ
3036 4018 3347 4112 γράμμα

888 4194 918 4247 1
958 4190 1244 4257 Joh.1,18
1279 4222 1344 4229 —
1382 4190 1666 4257 K01.1‚15
1702 4220 1768 4228 —
1808 4189 1886 4244 10
1924 4190 2048 4244 Joh.
2082 4194 2129 4257 1,
2160 4190 2226 4244 18
2261 4219 2328 4228 -
2363 4189 2485 4243 ΚοῙ.
2523 4193 2568 4257 1,
2598 4192 2665 4245 15
2708 4220 2773 4229 —
2826 4190 2959 4246 141³
2999 4190 3109 4261 vgl.
3146 4190 3240 4246 Nr.
3277 4193 3345 4250 29

713 4326 778 4332 —
817 4294 894 4348 25
931 4293 1069 4363 Eph.
1095 4292 1144 4354 2,
1183 4296 1246 4348 15
1283 4323 1348 4332 —
1386 4292 1457 4346 2?
1501 4291 1661 4346 Dent.
1688 4293 1770 4353 32,
1809 4294 1838 4346 ’ἲ
1878 4322 1943 4331 -
1980 4292 2059 4347 29
2096 4292 2257 4346 Prov.
2294 4292 2375 4352 22,
2412 4292 2480 4347 28
2514 4322 2581 4331 —
2619 4292 2699 4347 80
2735 4292 2845 4363 vgl.
2882 4292 2973 4346 Nr.
3010 4296 3079 4350 30
3114 4310 3162 4348 a.
3201 4297 3265 4347 A.

886 4429 917 4484 1
959 4426 1134 4484 αὐτοῦ
1169 4428 1269 4493 V*‚
1307 4444 1442 4481 corr.
1478 4426 1555 4479 V2
1601 4428 1609 4494 Ι
1655 4429 1692 4483 6
1738 4416 1772 4497 ᾗ
1807 4427 2177 4499 πρωτότοκος
2212 4427 2291 4479 V2
2325 4444 2374 4482 a..
2400 4428 2449 4481 R
2490 4424 2526 4495 ἢ
2562 4428 2641 4480 V*
2693 4427 2702 4492 Ι
2755 4428 2794 4483 9
2840 4424 2902 4483 αἱ
2954 4426 3059 4483 We
3110 4422 3259 4485 εἶναι
3294 4429 3345 4482 V

781 4532 854 4587 12
913 4527 1246 4594 ἀπεδείξατο
1299 4548 1354 4583 m
1409 4532 1412 4549 ¹
1475 4530 1549 4587 16
1605 4526 1975 4599 ἀποπέφαται
2026 4530 2094 4593 V,
2158 4547 2295 4584 corr.
2348 4531 2443 4584 Mo
2514 4531 2523 4597 Ι
2592 4530 2666 4584 19
2720 4534 2817 4597 τῆς
2852 4542 2914 4591 <
2963 4548 2990 4583 r
3050 4532 3058 4598 Ι
3136 4524 3341 4601 ἔχεται]

713 4628 827 4702 ἶ-’χει
862 4651 914 4687 τι
951 4631 1202 4685 Neander
1249 4634 1257 4697 !
1307 4630 1386 4687 22
1424 4624 1684 4701 δόγματα
1720 4632 1814 4684 Mo
1847 4634 1853 4697 Ι
1888 4633 1965 4687 34
2003 4620 2151 4701 ἐφ’ᾖ
2188 4631 2237 4685 V
