3694 5582
701 556 738 617 2
753 557 823 617 10
1878 544 2144 600 Eusebius

705 713 1084 784 μανθάνομεν
1131 718 1266 787 περὶ
1309 722 1407 783 τῆς
1454 713 1819 786 ἀνθρωπίνης
1872 714 2108 785 σαρκός,
2166 714 2234 783 ἢν
2286 705 2363 767 δι’
2401 713 2549 781 ημᾶς
2602 708 2904 781 ἀνείληφεν
2952 708 2984 764 ὁ
3020 710 3192 781 λόγος
3224 708 3335 781 πρὸ

708 801 1094 871 τετρακοσίων
1133 798 1234 870 σι’-χ
1273 794 1424 855 ὅλων
1461 796 1634 863 ἐτῶν;
1681 798 1933 870 πότερόν
1980 816 2120 854 ποτε
2163 795 2375 865 ταύτην
2418 797 2515 851 καὶ
2552 792 2613 851 ἐν
2648 802 2770 861 τοῖς
2802 793 3103 863 μέλλουσιν
3140 793 3335 850 αἰῶσιν

711 882 744 935 ό
780 883 953 955 λόγος
987 880 1102 951 ἕξει
1135 882 1170 952 ἦ
1207 879 1340 955 ἄχρι
1376 885 1558 952 μόνου
1593 892 1696 938 τοῦ
1728 889 1827 949 τῆς
1859 883 2102 951 κρίσεως
2132 890 2365 953 καιροῦς
2414 878 2635 949 ἀνάγκη
2672 877 2785 949 γὰρ
2819 877 2888 934 τὸ
2922 875 3035 934 ὑπὸ
3068 888 3172 934 τοῦ
3206 897 3336 949 προ·

712 971 891 1038 φήτου
924 964 1327 1041 λεχθὲν.ἔργῳ
1377 971 1784 1039 βεβαιωθῆναι.
1862 964 2139 1037 »ὄψονται
2192 964 2333 1038 γὰρσ
2396 965 2566 1035 φησὶν
2626 960 2737 1028 κείς
2789 960 2856 1017 ὃν
2909 960 3334 1032 ἐξεκέντησαν·

641 1054 673 1107 5
709 1050 1084 1123 ἐξεκέντησαν
1119 1054 1179 1110 δὲ
1213 1054 1472 1123 δηλονότι
1508 1056 1608 1121 τὴν
1647 1050 1849 1123 σάρκα.

881 1238 973 1293 Nr.
1013 1241 1110 1292 117
1150 1238 1250 1307 (Re
1288 1239 1408 1303 104)
1455 1232 1543 1290 ὅτι
1587 1234 1701 1307 γὰρ
1739 1234 1838 1306 σι’-χ
1872 1228 1949 1291 ἵν’
1994 1233 2026 1287 ό
2062 1235 2238 1305 λόγος
2272 1229 2548 1303 ὢφεληθῇ
2581 1235 2684 1301 τὴν
2720 1230 3001 1301 ἡμετέραν
3040 1230 3337 1302 ἀνείληφεν

712 1320 913 1393 σάρκα,
952 1316 1072 1378 ἀλλ’
1101 1317 1201 1377 ἵνα
1239 1320 1270 1389 ἡ
1313 1316 1456 1391 σὰρξ
1489 1318 1578 1375 διὰ
1615 1323 1716 1389 τὴν
1751 1320 1899 1392 πρὸς
1930 1319 2032 1375 τὸν
2067 1319 2243 1389 λόγον
2277 1320 2585 1373 κοινωνίαν
2622 1315 2946 1380 ἀθανασίας
2976 1314 3134 1387 τύχη,
3170 1316 3337 1383 δῆλόν

710 1404 864 1463 ἐστιν
897 1408 996 1462 καὶ
1033 1399 1132 1461 ἀπ’
1170 1403 1340 1471 αὐτῆς
1376 1410 1476 1471 τῆς
1509 1413 1611 1459 τοῦ-
1647 1412 1903 1475 σωτῆρος
1938 1402 2303 1474 ἀποφάσεως.
2377 1404 2512 1474 περὶ
2548 1399 2659 1475 γὰρ
2694 1408 2793 1469 τῆς
2827 1400 3057 1471 σαρκός,
3094 1400 3162 1471 ἣν
3196 1396 3337 1470 ἔχων

711 1486 914 1558 ὡμίλει
957 1498 1080 1555 τοῖς
1121 1492 1433 1559 μαθηταῖς,
1489 1482 1638 1543 οἷῖτω
1673 1487 1824 1559 λέγει
1866 1498 2062 1544 »τοῦτο
2098 1483 2247 1557 ὑμᾶς
2284 1487 2667 1553 σκανδαλίζει;
2722 1482 2825 1541 ἐὰν
2878 1476 2981 1539 οὖν
3036 1480 3187 1553 ἴδητε
3240 1486 3338 1540 τὸν

610 1574 676 1627 10
711 1572 834 1630 υἱὸν
857 1584 960 1630 τοῦ
995 1570 1312 1647 ἀνθρώπου
1349 1570 1593 1627 ἀπιόντα
1631 1568 1778 1628 ὅπου
1814 1570 1883 1642 ἦν
1917 1572 1986 1628 τὸ
2030 1572 2337 1643 πρότερον;
2391 1570 2460 1625 τὸ
2506 1578 2731 1638 πνεῦμα
2766 1573 3061 1637 ζωοποιεῖ,
3110 1572 3145 1639 ἡ
3202 1569 3343 1639 σὰρξ

712 1656 874 1715 οὐδὲν
909 1655 1172 1728 ὠφελεῖα.
1244 1656 1298 1712 εἰ
1341 1650 1442 1712 οὖν
1479 1655 1758 1728 ὁμολογεῖ
1795 1660 1896 1725 τὴν
1934 1655 2118 1730 σάρκα
2154 1654 2327 1725 μηδὲν
2372 1652 2618 1725 ὠφελεῖν
2674 1651 2871 1717 αἰτόν,
2926 1660 3051 1719 πῶς
3102 1652 3347 1725 ἐγχωρεῖ

710 1746 812 1811 τὴν
848 1740 914 1798 ἐκ
949 1750 1050 1814 γῆς
1083 1762 1146 1798 τε
1185 1735 1363 1798 οὖσαν
1396 1744 1494 1797 καὶ
1528 1738 1702 1809 μηδὲν
1737 1736 2075 1809 ὠφελοῦσαν
2108 1744 2209 1795 καὶ
2244 1736 2305 1795 ἐν
2338 1746 2460 1804 τοῖς
2494 1738 2793 1808 μέλλουσιν
2830 1736 3033 1793 αἰῶσιν
3070 1734 3153 1805 ὼς
3190 1738 3339 1808 αὐτῷ

711 1830 1112 1883 λυσιτελοῦσαν
1167 1836 1416 1883 συνεῖναι
1466 1834 1548 1899 τῷ
1605 1825 1782 1899 λόγῳ;
1841 1824 1932 1880 διὰ
1986 1833 2155 1880 τοῦτο
2206 1822 2319 1894 γάρ
2372 1842 2474 1891 μοι
2526 1826 2685 1879 δοκεῖ
2715 1825 2813 1878 καὶ
2852 1820 2885 1876 ό
2922 1822 3337 1893 παντοκράτωρ

710 1913 875 1977 θεός,
931 1908 964 1965 ό
1018 1913 1317 1981 δεσπότης,
1371 1911 1516 1983 πρὸς
1569 1908 1741 1965 αἰτόν
1794 1908 1979 1979 λέγειν
2037 1906 2255 1965 »κάθου
2308 1904 2372 1963 ἐκ
2424 1908 2623 1973 δεξιῶν
2674 1926 2787 1975 μου
2833 1903 2942 1971 ἕως
2976 1902 3049 1961 ἂν
3084 1910 3178 1961 θῶ
3212 1905 3342 1971 τοὺς

611 1999 677 2051 15
713 1992 959 2067 ἐχθρούς
1011 2014 1114 2071 σου
1149 1991 1464 2053 ὑποπόδιον
1517 2002 1632 2050 τῶν
1686 1996 1879 2050 ποδῶν
1932 2010 2085 2049 dove.
2156 1990 2415 2066 ἐνεργείᾳ
2468 1992 2617 2059 μόνῃ
2670 1990 2759 2046 διὰ
2812 1994 2915 2059 τὴν
2971 1988 3340 2061 ἀνθρωπίνην

715 2078 900 2149 σάρκα
951 2082 1213 2153 χωρίζειν
1268 2078 1442 2135 αἰτόν
1477 2082 1662 2134 δοκῶν
1705 2080 1802 2133 καὶ
1837 2072 2035 2149 ὥσπερ
2072 2074 2248 2147 ῥητόν
2281 2094 2409 2132 τινα
2443 2076 2657 2147 χρόνον
2713 2074 2921 2145 ὁρίζων
2960 2074 3110 2147 αι’τῷ
3148 2082 3246 2143 τῆς
3280 2072 3340 2130 ἐν

712 2167 867 2240 δεξιᾷ
901 2164 1188 2235 καθέδρας
1225 2160 1378 2220 οὕτω
1413 2166 1580 2233 φησὶν
1615 2162 1761 2235 πρὸς
1805 2161 1979 2217 αὐτὸν
2030 2158 2168 2227 »ἕως
2202 2157 2275 2217 ἂν
2311 2166 2401 2216 θῶ
2436 2159 2571 2225 τοὺς
2607 2156 2851 2230 ἐχθρούς
2886 2176 2989 2213 σου
3026 2155 3339 2215 ὑποπόδιον

711 2256 826 2304 τῶν
880 2251 1070 2305 ποδῶν
1125 2266 1276 2303 σουα.
1347 2258 1516 2304 τοῖτο
1569 2247 1630 2303 δὲ
1679 2246 1747 2302 τὸ
1803 2246 2159 2318 προφητικὸν
2214 2254 2314 2301 τοῦ
2350 2246 2527 2300 Δαυὶδ
2577 2242 2750 2315 ῥητὸν
2806 2242 3163 2315 σαφέστερον
3209 2244 3341 2312 ἡμῖν

713 2330 1042 2402 ἑρμηνεύων
1078 2333 1110 2387 ὁ
1151 2330 1304 2405 ἱερὸς
1339 2331 1664 2396 ἀπόστολος
1715 2326 1865 2386 οἷ’-τω
1908 2350 2031 2396 πως
2066 2325 2171 2400 ἔφη
2212 2332 2331 2385 »δεῖ
2359 2327 2471 2400 γὰρ
2508 2328 2683 2384 αἰτόν
2718 2328 3063 2399 βασιλεύειν,
3123 2323 3236 2393 ἕως
3271 2324 3341 2381 ἣν

611 2424 680 2479 20
713 2422 792 2489 θῇ
847 2418 980 2483 τοὺς
1031 2415 1272 2489 ἐχθροὺς
1317 2416 1490 2472 αἰτοῦ
1526 2410 1838 2471 ὑποπόδιον
1873 2421 1990 2470 τῶν
2026 2417 2217 2469 ποδῶν
2256 2412 2479 2470 αἰτοῦσι.
2553 2413 2762 2468 οὐκοῦν
2814 2408 2954 2485 ὅρον
3008 2410 3135 2467 τινὰ
3197 2408 3342 2482 ἔχειν

714 2506 876 2558 δοκεῖ
905 2504 938 2571 ἡ
974 2500 1119 2558 κατὰ
1157 2497 1470 2572 ἄνθρωπον
1508 2499 1682 2555 αἰτοῦ
1719 2498 2025 2566 οἰκονομία
2060 2517 2123 2553 τε
2157 2499 2255 2553 καί
2288 2499 2561 2570 βασιλεία.
2626 2494 2787 2553 οὐδὲν
2822 2496 2936 2569 γὰρ
2973 2492 3175 2569 ἕτερον
3210 2496 3339 2568 βού-

714 2592 872 2643 λεται
924 2586 958 2655 ἢ
1011 2596 1179 2643 τοῦτο
1233 2586 1300 2641 τὸ
1353 2581 1464 2640 ὑπὸ
1516 2593 1618 2640 τοῦ
1670 2583 1997 2639 ἀποστόλου
2048 2579 2225 2652 ῥηθὲν
2284 2577 2422 2648 »ἕως
2474 2577 2545 2639 ἂν
2590 2586 2667 2652 θῇ
2712 2580 2845 2646 τοὺς
2889 2578 3133 2651 ἐχθροὺς
3172 2580 3341 2635 αἰτοῦ

715 2667 1030 2727 ὑποπόδιον
1064 2678 1180 2725 τῶν
1231 2672 1424 2725 ποδῶν
1460 2667 1682 2725 αι’τοῦα.
1757 2666 1964 2723 οἰκοῦν
2011 2665 2240 2724 ἐπειδὰν
2274 2665 2410 2731 τοὺς
2445 2664 2687 2737 ἐχθροὺς
2732 2673 2837 2736 σχῇ
2872 2662 3193 2721 ὑποπόδιον
3230 2672 3342 2720 τῶν

715 2758 907 2812 ποδῶν
962 2754 1146 2812 σι’-κέτι
1195 2751 1392 2826 χρῄζει
1435 2761 1534 2823 τῆς
1569 2750 1630 2810 ἐν
1663 2752 1829 2824 μέρει
1862 2750 2071 2821 ταύτης
2121 2754 2432 2825 βασιλείας,
2484 2751 2719 2808 πάντων
2768 2752 3028 2807 καθόλου
3078 2750 3345 2823 βασιλεὺς

615 2845 682 2898 25
716 2837 1014 2910 ὑπάρχων·
1077 2838 1472 2911 συμβασιλεύει
1523 2837 1635 2909 γὰρ
1693 2845 1802 2910 »τῷ
1843 2841 1968 2910 θεῷ
2002 2839 2100 2892 καὶ
2135 2838 2366 2908 πατρία,
2423 2828 2489 2891 οὗ
2542 2834 2574 2888 ό
2628 2836 2801 2907 λόγος
2840 2833 2905 2904 ἦν
2940 2855 3001 2892 τε
3038 2837 3137 2889 καὶ
3176 2833 3340 2892 ἐστίν.

719 2921 848 2980 οὐδὲ
897 2922 1008 2994 γὰρ
1063 2923 1233 2989 αι”τύς
1265 2917 1402 2978 καθ’
1439 2918 1640 2977 ἑαυτὸν
1684 2921 1716 2976 ὁ
1751 2922 1924 2992 λόγος
1960 2920 2138 2992 ἀρχὴν
2172 2922 2463 2993 βασιλείας
2497 2917 2754 2990 εἰληφεν,
2792 2913 2913 2976 ἀλλ’
2950 2917 2983 2974 ὁ
3022 2918 3342 2988 ἀπατηθεὶς

717 3005 830 3064 ὑπὸ
863 3017 966 3063 τοῦ
999 3008 1265 3080 διαβόλου
1301 3003 1612 3079 ἄνθρωπος
1645 3005 1735 3061 διὰ
1772 3013 1872 3074 τῆς
1906 3015 2007 3062 τοῦ
2050 3005 2226 3075 λόγου
2278 3002 2571 3073 δυνάμεως
2623 3003 2885 3076 βασιλεὺς
2935 3003 3200 3074 γέγονεν,
3244 3001 3339 3058 ἵνα

714 3093 975 3164 βασιλεὺς
1009 3093 1320 3163 γενόμενος
1352 3093 1454 3147 τὸν
1489 3092 1772 3162 πρότερον
1811 3090 2183 3159 ἀπατήσαντα
2218 3091 2418 3158 νικήσῃ
2452 3087 2733 3160 διάβολον.
2806 3086 2893 3143 διὰ
2940 3097 3111 3144 τοῦτο
3148 3091 3244 3142 καὶ
3282 3085 3343 3142 αἱ

717 3176 963 3248 Πράξεις
1013 3183 1128 3231 τῶν
1183 3175 1524 3232 ἀποστόλων
1559 3177 1690 3246 περὶ
1727 3184 1828 3230 τοῦ
1866 3171 2180 3246 ἀνθρώπου
2214 3175 2441 3240 τοίτου,
2497 3170 2565 3228 ὃν
2620 3171 2921 3242 ἀνείληφεν
2974 3170 3007 3226 ὁ
3058 3181 3165 3226 τοῦ
3198 3176 3341 3228 θεοῦ

615 3271 684 3324 30
715 3262 890 3332 λόγος
923 3265 1020 3318 καὶ
1058 3260 1376 3332 ἀνειληφὼς
1410 3259 1472 3316 ἐν
1507 3263 1658 3336 δεξιᾷ
1703 3269 1805 3315 τοῦ
1840 3257 2059 3329 πατρὸς
2092 3257 2421 3324 καθέζεται,
2468 3251 2648 3322 οὕτως
2682 3256 3036 3313 διδάσκουσιν
3073 3253 3339 3326 λέγουσαι

722 3342 820 3400 »ὃν
868 3348 958 3402 δεῖ
997 3344 1246 3416 οἰ·ρανόν
1288 3347 1395 3415 μὲν
1428 3345 1699 3411 δέξασθαι
1742 3339 1875 3415 ἄχρι
1908 3343 2133 3414 χρόνων
2171 3340 2739 3408 ἀποκαταστάσεωςα.
2806 3344 2904 3398 καὶ
2940 3333 3105 3397 αίται
3140 3335 3340 3410 ὥσπερ

718 3425 859 3500 ὅρον
893 3428 1018 3486 τινὰ
1054 3433 1152 3486 καὶ
1187 3432 1549 3503 προθεσμίαν
1587 3428 1877 3498 ὁρίζουσαι
1912 3425 1973 3484 ἐν
2010 3416 2167 3501 ᾧπερ
2204 3428 2479 3498 προσήκει
2522 3429 2623 3495 τὴν
2657 3425 2805 3482 κατὰ
2840 3421 3157 3497 ἄνθρωπον
3194 3422 3339 3480 οἰκο-

715 3514 924 3582 νομίαν
962 3515 1218 3584 ἡνῶσθαι
1251 3523 1332 3588 τῷ
1366 3515 1520 3588 λόγῳ
1557 3509 1706 3568 οὕτω
1742 3511 2019 3582 λέγουσιν.
2076 3514 2131 3567 τί
2164 3510 2277 3582 γὰρ
2303 3506 2503 3582 ἕτερον
2538 3509 2799 3583 βούλεται
2822 3509 2892 3566 τὸ
2920 3504 3083 3582 »ἄχρι
3110 3509 3340 3580 χρόνων

893 3698 1063 3752 6—8.
1103 3700 1250 3767 211,
1281 3700 1365 3753 11
1399 3699 1490 3760 53,
1525 3699 1740 3756 18-55,
1777 3697 1879 3757 22ς
1928 3697 1975 3749 8
2012 3697 2179 3765 (περὶ)
2230 3726 2290 3734 -
2334 3697 2429 3749 13
2464 3695 2657 3767 (λόγῳ)
2692 3695 2807 3760 167,
2842 3694 3087 3755 26-32;
3131 3694 3216 3747 11
3252 3689 3339 3760 (εἰ)

718 3796 784 3805 -
827 3767 921 3820 13
965 3766 1054 3830 (λό
1097 3767 1163 3838 ῳ)
1207 3770 1289 3828 45,
1328 3767 1480 3821 1—-3,
1555 3767 1667 3830 165,
1714 3766 1948 3817 23-25.
2008 3764 2125 3830 169,
2164 3764 2389 3824 19-21·,
2440 3765 2523 3817 11
2560 3763 2722 3833 (πῶς)
2776 3793 2843 3801 -
2893 3763 2987 3815 13
3024 3760 3221 3831 (λόγῳ)
3258 3761 3337 3824 49,

716 3836 942 3899 14-15;
987 3836 1028 3888 1
1117 3834 1245 3902 (διὰ)
1297 3863 1364 3872 -
1417 3836 1506 3890 21
1607 3834 1846 3900 ασιλεία)
1888 3831 2224 3895 170,1-11;
2271 3832 2368 3887 28
2406 3830 2535 3898 (διὰ)
2590 3861 2655 3870 -—
2712 3830 2808 3886 32
2843 3828 3181 3897 (ὁρίζουσαι)
3218 3828 3337 3890 170,

717 3903 928 3955 13-17
954 3903 1066 3971 vgl.
1106 3903 1248 3956 auch
1282 3903 1395 3966 169,
1434 3903 1506 3955 27
1729 3905 1737 3912 ’

895 4040 929 4092 2
979 4057 1008 4091 v
1053 4039 1088 4090 1.
1126 4037 1176 4092 S.
1214 4039 1330 4102 209,
1376 4038 1441 4091 23
1494 4067 1561 4075 ——
1613 4037 1652 4091 4
1697 4035 1818 4090 Joh.
1859 4037 1939 4094 19,
1976 4036 2042 4087 37
2088 4035 2267 4100 (Zach.
2306 4035 2386 4093 12.
2425 4035 2508 4100 10)
2560 4061 2626 4071 --
2680 4033 2719 4088 9
2773 4031 2895 4086 Joh.
2932 4031 2981 4098 6,
3017 4033 3221 4086 61—63
3273 4060 3339 4069 —

723 4105 800 4160 14
855 4106 941 4159 ΡΒ.
981 4109 1006 4158 1
1081 4147 1094 4172 ,
1134 4109 1162 4158 1
1199 4135 1266 4143 ——
1322 4106 1392 4158 17
1437 4105 1523 4159 Ps.
1561 4107 1675 4164 109,
1715 4108 1736 4158 1
1797 4132 1863 4142 —
1912 4104 1987 4157 19
2024 4103 2049 4154 Ι
2088 4103 2213 4156 Kor.
2253 4105 2333 4163 15,
2370 4103 2436 4155 25
2471 4130 2537 4140 -—
2575 4102 2653 4156 22
2692 4101 2717 4154 1
2752 4099 2882 4154 Kor.
2922 4103 3001 4162 15,
3036 4099 3104 4154 25
3148 4127 3216 4137 -
3262 4099 3337 4153 25

719 4175 744 4226 1
781 4174 908 4228 Kor.
949 4177 1028 4236 15,
1065 4175 1132 4228 24
1169 4203 1236 4212 -
1273 4171 1415 4227 26ss
1444 4173 1555 4242 vgl.
1590 4173 1682 4225 Nr.
1723 4173 1821 4226 113
1856 4199 1921 4210 —
1960 4170 2035 4224 81
2076 4172 2197 4224 Aet.
2234 4171 2282 4234 3,
2318 4170 2381 4222 21
2419 4199 2485 4208 -
2524 4169 2602 4223 38
2638 4170 2758 4221 Act.
2795 4169 2843 4234 3,
2878 4167 2942 4220 21

896 4309 927 4362 1
967 4303 1196 4378 εἴληφεν
1233 4309 1282 4359 V
1322 4309 1435 4370 177,
1473 4309 1541 4362 26
1605 4309 1612 4372 Ι
1681 4309 1715 4361 2
1753 4306 2002 4376 πότερόν
2038 4305 2200 4372 ποτε]
2238 4304 2370 4359 τότε
2406 4304 2643 4364 V53,13
2690 4303 2699 4368 Ι
2758 4301 2795 4358 8
2833 4298 2979 4370 ἐξείη
3008 4299 3344 4364 V*177,2.‘·f

719 4373 779 4496 fii
815 4370 927 4441 ἕξει
965 4376 1060 4444 V2)
1115 4379 1122 4443 Ι
1187 4377 1228 4432 4
1265 4369 1415 4447 ἔργῳ
1441 4375 1517 4428 V²
1551 4367 1721 4444 ἔργον
1759 4375 1838 4426 V*
1896 4377 1904 4442 Ι
1968 4373 2004 4428 8
2044 4366 2141 4426 ἀπ’
2179 4390 2217 4441 g
2250 4364 2343 4427 ὑπ’
2384 4373 2429 4424 V
2478 4374 2487 4436 Ι
2538 4371 2608 4426 11
2652 4366 2827 4426 αὐτόν
2860 4380 2926 4428 <
2962 4371 3093 4428 45,1
3134 4366 3339 4431 αὐτός’.)

780 4458 812 4497 0
879 4446 887 4510 Ι
944 4444 1018 4499 12
1055 4446 1179 4498 καὶ2
1213 4455 1278 4502 <
1313 4447 1396 4504 45,
1433 4445 1479 4496 2.
1535 4446 1616 4507 49,
1655 4446 1720 4496 15
1775 4443 1782 4509 Ι
1837 4436 1918 4506 ὣς
1954 4437 2107 4512 αὐτῷ
2142 4443 2542 4495 λυσιτελοῦσαν
2578 4448 2644 4496 <
2681 4439 2764 4502 49,
2786 4440 2849 4490 15
2903 4438 2911 4504 Ι
2966 4433 3239 4500 ὡσαύτως
3264 4435 3339 4487 V²

719 4507 820 4576 (ὼς
853 4505 1036 4575 αὔτως
1074 4512 1175 4580 V*)
1212 4515 1292 4575 53,
1329 4514 1394 4565 26
1431 4509 1581 4581 αὐτῷ
1620 4510 1667 4560 V
1703 4513 1786 4572 45,
1811 4513 1860 4566 3.
1919 4511 2115 4573 167,31
2166 4511 2174 4573 Ι
2226 4507 2302 4562 14
2336 4507 2476 4571 θεός
2510 4503 2543 4560 ὁ
2580 4516 2646 4564 <
2682 4508 2764 4570 53,
2785 4507 2849 4559 27
2898 4506 2908 4572 Ι
2952 4503 3248 4572 δεσπότης]
3274 4509 3337 4558 -Ι-

721 4577 896 4632 αὐτοῦ
940 4579 1032 4632 Mo
1087 4588 1150 4642 -Ι-
1205 4582 1366 4649 ἡμῶν
1415 4597 1442 4630 1·
1507 4581 1514 4642 Ι
1583 4579 1653 4633 1ss
1705 4580 1858 4632 δοκῶ
1911 4578 1957 4630 V
2003 4579 2087 4634 53.
2130 4577 2199 4630 30
2262 4578 2269 4640 Ι
2335 4573 2526 4643 ῥητόν]
2578 4567 2795 4643 εἴρηται
2842 4573 2890 4624 V
2938 4574 3052 4628 170.
3086 4575 3121 4625 4
3184 4575 3193 4636 Ι
3264 4569 3337 4624 19

719 4645 830 4714 γὰρ
868 4643 1019 4718 αὐτῷ
1037 4647 1118 4700 V*
1154 4653 1310 4712 (corr.
1333 4647 1428 4706 Vc)
1467 4649 1581 4708 ΠΟ,
1617 4647 1652 4700 8
1715 4647 1723 4710 Ι
1789 4647 1865 4700 25
1902 4645 2043 4715 θεῷ]
2082 4645 2186 4698 δἀδ
2220 4642 2265 4694 V
2287 4645 2421 4708 54‚8
2484 4644 2493 4709 Ι
2560 4643 2638 4698 28
2672 4643 2768 4695 καὶ
2808 4637 2897 4696 διὰ
2933 4647 3101 4694 τοῦτο
3138 4640 3252 4703 No,
3274 4637 3337 4692 13

719 4715 727 4783 Ι
789 4715 862 4770 31
906 4711 1150 4784 σι”ρανὸν
1185 4713 1311 4784 μὲν]
1345 4705 1450 4783 μὲν
1486 4707 1634 4768 ἄιῖὸν
1670 4713 1715 4766 V
1755 4717 1836 4776 54,
1875 4716 1940 4767 15
2005 4717 2013 4780 Ι
2078 4708 2243 4766 αὐταὶ
2278 4729 2335 4764 m
