3694 5582
733 499 812 563 48
1900 492 2166 550 Eusebius

857 661 1113 745 φησιν).
1199 661 1408 728 τοῦτο
1455 661 1526 726 δὲ
1571 651 1728 747 ἡμῖν
1771 655 1856 729 τὸ
1918 654 2293 749 μυστήριον
2350 661 2756 744 παρίστησιν
2818 650 2859 744 ή
2920 659 3043 745 τῆς
3084 649 3356 740 Ἐξόδου

856 753 1082 844 γραφὴ
1111 755 1273 838 τούς
1303 762 1454 827 τῶν
1483 753 1901 830 ἀποστόλων
1929 756 2193 840 τύπους
2218 752 2433 829 πάλαι
2476 753 3045 844 προαγορεύουσα,
3090 753 3356 825 δώδεκα

857 853 983 943 γὰρ
1027 847 1263 926 ὄντων
1305 853 1435 926 τὸν
1479 853 1774 946 ἀριθμὸν
1815 866 1966 930 τῶν
1992 852 2413 930 ἀποστόλων
2439 855 2705 926 δώδεκα
2738 861 2984 943 πηγῶν
3010 860 3357 943 μέμνηται.

733 975 844 1039 καὶ
888 963 1089 1054 αὖθις
1131 969 1360 1060 ἐπάγει
1405 971 1487 1045 τὸ
1529 969 1700 1046 αυτὸ
1747 968 2035 1064 γράφων
2079 967 2305 1054 οῦτως
3385 972 3443 1026 20

664 1091 697 1144 5
856 1074 994 1156 (Nr.
1037 1079 1142 1158 20)
1207 1069 1492 1156 εἰκότως
1544 1065 1670 1146 οὖν
1718 1080 1875 1163 περὶ
1927 1079 2052 1164 τῆς
2091 1070 2269 1144 κατὰ
2312 1068 2524 1161 σάρκα
2566 1075 2891 1160 γενέσεως
2935 1063 2974 1140 ὅ
3019 1065 3355 1158 δεσπότης

857 1169 966 1241 διὰ
1013 1177 1138 1243 τοῦ
1179 1169 1548 1262 προφήτου
1588 1179 2015 1260 Σολομῶνος
2059 1180 2383 1260 λέγοντος
2432 1169 2601 1259 »πρὸ
2648 1175 2775 1242 τοῦ
2816 1178 3185 1255 προελθεῖν
3228 1167 3353 1251 τὰς

853 1267 1074 1358 πηγὰς
1117 1278 1266 1343 τῶν
1307 1269 1616 1344 »daz-mv«
1669 1275 1811 1362 ἔφη.

729 1385 964 1456 ἔπειτα
1007 1387 1156 1475 ἑξῆς
1202 1385 1396 1474 ἕτερά
1441 1417 1594 1460 τινα
1638 1389 1943 1461 διελθὼν
1984 1391 2287 1476 ἐπιφέρει
3381 1392 3437 1445 21

855 1489 944 1570 (N
949 1513 992 1554 r
1023 1495 1128 1572 22)
1172 1483 1424 1559 ούκοῦν
1465 1487 1824 1577 ἐπειδήπερ
1868 1494 2024 1576 περὶ
2068 1493 2215 1558 τῶν
2257 1482 2716 1576 προαγόντων
2760 1480 3141 1574 εἰρήκαμεν,
3196 1479 3352 1554 ἀκό-

628 1602 696 1656 10
853 1582 1118 1656 λουθόν
1161 1590 1346 1659 ἐστιν
1391 1594 1501 1658 καὶ
1547 1587 1630 1660 τὸ
1677 1598 1914 1658 λεῖπον
1958 1585 2461 1676 ἀναπληρῶσαι
2549 1593 2763 1658 λείπει
2805 1590 2877 1657 δὲ
2920 1583 3003 1656 τὸ
3047 1583 3227 1655 κατὰ
3263 1582 3353 1654 τὰ

855 1678 980 1774 ὅρη
1025 1692 1137 1757 καὶ
1181 1685 1343 1769 τούς
1384 1687 1686 1772 βουνούς
1778 1686 1989 1775 »πρὸι
2054 1685 2183 1776 γὰρ
2250 1693 2416 1757 »τοῦ
2458 1677 2583 1775 ὄρη
2628 1685 3076 1774 εδρασθῆναιι
3145 1689 3351 1772 φησὶν

859 1782 1029 1872 »πρὸ
1083 1790 1152 1857 δὲ
1205 1783 1495 1857 πάντων
1547 1793 1692 1857 τῶν
1742 1791 2015 1872 βουνῶν
2066 1791 2270 1879 γεννᾷ
2312 1791 2449 1873 μέ(
2536 1777 2657 1873 ὄρη
2702 1789 2815 1854 καὶ
2856 1781 3145 1868 βουνοὺς
3187 1782 3353 1864 τοὺς

855 1878 1284 1968 ἀποστόλους
1334 1892 1446 1956 καὶ
1497 1885 1658 1971 τούς
1710 1893 1858 1958 τῶν
1902 1881 2317 1958 ἀποστόλων
2370 1881 2726 1973 διαδόχους
2769 1889 2965 1972 λέγει,
3008 1885 3121 1953 ἵνα
3162 1881 3351 1968 παρὰ

852 1982 1016 2065 τούς
1061 1981 1312 2066 ἄλλους
1357 1982 1772 2075 ἀνθρώπους
1800 1985 1933 2076 τὴν
1961 1983 2111 2056 κατ’
2141 1981 2377 2056 αὐτῶν
2408 1990 2674 2055 δικαίαν
2708 1989 3066 2054 πολιτείαν
3108 2009 3348 2070 παροι-

626 2102 693 2157 15
850 2088 1126 2171 μιωδῶς
1167 2081 1446 2175 σημήνῃ.

729 2197 1051 2283 τοιαύτας
1096 2197 1287 2282 τινὰς
1331 2201 1678 2291 ἑρμηνείας
1721 2206 2084 2292 ἐκθέμενος
2128 2193 2327 2284 αὖθις
2358 2203 2465 2272 ἐπὶ
2497 2198 2620 2282 τὰς
2650 2195 3113 2281 ἀποστολικὰς
3147 2224 3347 2285 μετα·
3378 2212 3439 2266 22

725 2305 937 2381 βαίνει
980 2295 1235 2387 φωνάς,
1291 2298 1622 2372 τάναντία
1667 2305 1768 2391 τῷ
1815 2297 2184 2391 ἀποστόλῳ
2230 2295 2712 2390 φθεγγόμενος.
2797 2292 2837 2370 6
2880 2305 3004 2388 μὲν
3044 2295 3169 2387 γὰρ
3216 2296 3345 2368 τὸν

725 2394 1038 2487 προόντα
1067 2398 1216 2472 υἱὸν
1248 2406 1373 2472 τοῦ
1402 2406 1572 2472 θεοῦ
1597 2409 1711 2471 καὶ
1760 2398 2257 2488 »πρωτότοκον
2299 2396 2515 2488 πάσης
2558 2406 2877 2481 κτίσεως(
2927 2393 3142 2468 αὐτὸν
3170 2395 3346 2468 εἶναι

727 2503 1091 2586 ἐδίδασκεν,
1161 2499 1283 2572 »τὰ
1325 2497 1554 2571 πάντα
1597 2496 1681 2570 δι’
1729 2495 1967 2584 αὐτοῦ,
2028 2508 2142 2571 καὶ
2185 2503 2260 2571 ἐν
2305 2495 2531 2589 αύτῷ«
2591 2502 2928 2581 ἐκτίσθαι,
2993 2492 3207 2568 αύτόν
3269 2525 3346 2567 τε

625 2615 692 2670 20
727 2597 898 2668 εἶναι
945 2597 1114 2686 »πρὸ
1160 2595 1481 2671 mimam«
1532 2597 1784 2690 μεγάλῃ
1830 2607 1957 2688 βοῇ
2000 2594 2527 2689 μαρτυρόμενος·
2601 2593 2641 2668 ό
2686 2602 2758 2668 δὲ
2800 2599 2910 2667 ἐπὶ
2955 2595 3084 2686 τὴν
3126 2593 3345 2686 σάρκα

723 2703 836 2766 καὶ
881 2696 1139 2787 ταύτην
1181 2693 1589 2782 καταβάλλει
1633 2697 1762 2789 τὴν
1817 2707 2214 2788 θεολογίαν,
2270 2695 2515 2786 μικρὸν
2572 2690 2859 2785 ὕστερον
2917 2703 3029 2766 καὶ
3082 2693 3348 2783 ταύτην

728 2791 1154 2888 ἀρνούμενος.
1243 2804 1417 2888 λέγει
1464 2805 1535 2870 δὲ
1580 2791 1801 2883 οὕτως
3376 2830 3441 2883 23

853 2900 990 2983 (Nr.
1024 2908 1097 2969 81
1130 2934 1216 2957 =
1244 2906 1348 2985 43)
1381 2896 1488 2969 διὰ
1519 2904 1732 2971 τοῦτο
1765 2896 2049 2981 εἰκότως
2084 2901 2385 2986 ἐπιφέρει
2420 2890 2533 2980 »ὅς
2563 2900 2747 2968 ἐστιν
2778 2896 2983 2967 εἰκών
3014 2900 3141 2967 τοῦ
3168 2900 3347 2967 θεοῦ

852 3002 976 3067 τοῦ
1015 2992 1372 3085 ἀοράτουε.
1443 2994 1616 3069 πότε
1657 2995 2021 3087 γενόμενος
2066 2998 2273 3069 εἰκών
2316 2992 2361 3085 ἢ
2404 2990 2703 3085 ὁπηνίκα
2747 2993 2829 3066 τὸ
2878 2990 3063 3065 »κατ’
3110 2990 3346 3065 εἰκόνα

623 3114 691 3168 25
849 3102 961 3165 καὶ
1021 3093 1179 3168 καθ’
1226 3092 1588 3187 όμοίωσιν«
1641 3094 2007 3188 ἀνείληφεν
2059 3094 2365 3187 πλάσμα,·
2426 3101 2439 3185 Ι
2504 3092 2845 3185 πρότερον
2890 3090 3045 3185 γάρ,
3111 3090 3343 3183 ὥσπερ
3382 3110 3452 3166 47

849 3193 1184 3280 πολλάκις
1227 3200 1421 3285 ἔφην,
1468 3194 1665 3270 οῦδὲν
1711 3198 1946 3286 ἕτερον
1990 3188 2075 3284 ἦν
2116 3192 2159 3285 ἢ
2204 3192 2422 3285 λόγος.

723 3319 836 3382 καὶ
880 3316 1174 3402 ἐπιμένει
1215 3310 1300 3384 τὸ
1346 3309 1515 3385 αύτὸ
1562 3310 1982 3403 γυμνότερον
2022 3319 2397 3399 διασαφῶν,
2443 3308 2525 3383 δι’
2573 3304 2675 3383 οὖν
2718 3319 2924 3400 φησίν

849 3416 986 3498 (Nr.
1032 3418 1136 3501 82)
1199 3408 1449 3483 ούκοῦν
1509 3410 1885 3503 πρόδηλον,
1951 3406 2063 3485 ὅτι
2117 3409 2256 3503 πρὸ
2319 3416 2442 3501 τῆς
2483 3418 2612 3483 τοῦ
2654 3406 2983 3503 ἡμετέρου
3028 3410 3348 3501 σώματος

849 3508 1262 3603 ἀναλήψεως
1306 3507 1344 3585 δ
1389 3508 1594 3602 λόγος
1637 3508 1795 3583 καθ’
1843 3510 2093 3584 ἑαυτὸν
2141 3508 2266 3585 οῦκ
2296 3504 2380 3601 ἦν
2410 3511 2617 3583 εἰκών
2646 3515 2773 3584 τοῦ
2814 3506 3117 3599 ἀοράτου
3143 3516 3346 3581 θεοῦ·

622 3626 691 3681 30
848 3610 982 3701 τὴν
1023 3610 1148 3701 γὰρ
1195 3610 1424 3685 εἰκόνα
1469 3605 1762 3700 ὁρᾶσθαι
1805 3608 2153 3701 προσήκει,
2198 3616 2306 3683 ἵνα
2350 3608 2457 3682 διὰ
2488 3616 2612 3699 τῆς
2640 3606 2905 3693 εἰκόνος
2934 3607 3016 3682 τὸ
3050 3616 3225 3693 τέως
3252 3608 3344 3699 μὴ

850 3706 1205 3801 δρώμενον
1248 3706 1541 3800 δρᾶσθαι
1584 3710 1885 3800 δύνηται.
2964 3787 2969 3791 ,

726 3832 838 3895 καὶ
879 3824 1096 3898 πάλιν
1137 3836 1592 3917 προστίθησιν
1637 3835 1862 3917 λέγων
3380 3834 3449 3888 24

850 3930 990 4012 (Nr.
1021 3933 1126 4013 82)
1169 3934 1322 4010 πῶς
1365 3930 1489 3999 οῦν
1531 3924 1804 3999 εἰκόνα
1862 3933 2010 3999 τοῦ
2072 3922 2425 4017 ἀοράτου
2486 3932 2683 3997 θεοῦ
2737 3923 2883 3997 τὸν
2944 3930 3087 3996 τοῦ
3147 3930 3347 3997 θεοῦ

852 4021 1096 4116 λόγον
1127 4021 1454 4115 Ἀστέριος
1496 4029 1703 4099 εἶναι
1732 4033 2091 4116 γέγραφεν·
2150 4030 2217 4097 αἱ
2246 4026 2373 4116 γὰρ
2416 4023 2671 4109 εἰκόνες
2709 4022 2987 4097 τούτων
3033 4053 3141 4095 ων
3180 4029 3348 4096 εἰσιν

897 4266 935 4321 8
971 4265 1071 4320 Ex.
1108 4268 1190 4333 15,
1226 4268 1292 4321 27
1345 4296 1412 4307 -
1463 4269 1500 4323 6
1533 4266 1693 4322 Prov.
1727 4266 1780 4333 8,
1815 4267 1885 4320 24
1934 4296 2003 4305 —
2056 4264 2132 4320 11
2170 4264 2329 4319 Prov.
2364 4263 2415 4331 8,
2450 4265 2517 4319 25
2558 4293 2627 4303 —
2682 4262 2754 4319 18
2796 4262 2917 4318 1101.
2954 4266 3003 4329 1,
3040 4264 3242 4319 15-17
3276 4291 3349 4301 -

726 4366 805 4423 28
840 4367 960 4424 Kol.
1000 4370 1046 4437 1,
1086 4369 1152 4423 15
1187 4396 1254 4407 --
1290 4368 1370 4423 24
1407 4369 1540 4425 Gen.
1580 4372 1626 4435 1,
1662 4368 1731 4423 26
1765 4398 1832 4407 —
1872 4366 1951 4423 2⁹
1986 4365 2111 4422 1101.
2150 4368 2195 4433 1,
2233 4367 2299 4421 15
2334 4394 2402 4405 --
2437 4365 2516 4422 88
2551 4364 2674 4420 Kol.
2710 4369 2759 4432 1,
2797 4366 2863 4421 15

900 4568 932 4624 1
987 4566 1049 4624 δὲ
1083 4569 1205 4624 and.
1243 4570 1320 4625 St.
1355 4568 1421 4637 δὴ
1458 4570 1508 4625 V
1560 4570 1569 4637 Ι
1622 4571 1659 4625 6
1701 4565 1989 4639 λέγοντος]
2042 4564 2225 4638 λέγων
2266 4566 2394 4622 and.
2432 4568 2508 4623 St.
2544 4567 2582 4621 1.
2619 4564 2803 4636 λέγων
2842 4560 2953 4621 τόῗ
3004 4564 3015 4632 Ι
3067 4564 3105 4621 8
3148 4556 3347 4621 ἔπειτα

726 4668 798 4722 Kl
833 4664 927 4725 ἐπὶ
960 4667 1030 4727 τὰ
1051 4672 1102 4725 V
1154 4674 1162 4740 1
1220 4672 1297 4729 18
1322 4669 1474 4741 λέγει
1499 4670 1624 4727 and.
1663 4672 1738 4726 St.
1775 4662 1925 4726 εἶναι
1958 4670 2009 4724 V
2062 4671 2073 4737 1
2130 4669 2204 4726 14
2231 4670 2335 4738 τὴν
2367 4663 2496 4725 κατ’
2530 4666 2739 4737 αὐτῶν]
2774 4670 3079 4737 τηνικαῦτα
3112 4664 3241 4721 and.
3268 4664 3347 4719 St.
