3694 5582
699 467 813 530 158
1861 459 2128 515 Eusebius

695 623 842 694 εἶτα
883 629 1197 711 πειρᾶται
1241 629 1454 696 τοῦτο
1498 620 2022 713 κατασκευάζειν
2065 624 2214 712 ἑξῆς
2256 622 2525 711 προϊών
2565 627 2678 691 καὶ
2723 629 2947 710 λέγων
3346 631 3380 683 2

819 727 955 808 (Nr.
1003 730 1106 808 60)
1151 727 1208 792 εἰ
1247 729 1485 794 τοίνυν
1531 717 1570 793 6
1614 719 1820 812 λόγος
1866 729 2185 809 φαίνοιτο
2217 725 2289 808 ἐξ
2318 717 2533 792 αὐτοῦ
2563 727 2689 793 τοῦ
2714 719 2979 810 πατρὸς
3010 724 3313 809 ἐξελθών

817 829 927 892 καὶ
958 821 1130 910 πρὸς
1162 817 1330 910 ἡμᾶς
1359 820 1742 910 ἐληλυθώς,
1789 820 1881 894 τὸ
1927 827 2005 893 δὲ
2049 828 2354 909 πνεῦμα
2400 819 2493 892 τὸ
2538 848 2797 908 αγιον,
2846 817 2943 903 ῶς
2971 829 3085 892 καὶ
3100 817 3313 894 Ἀστέ-

819 950 962 1010 ριος
993 918 1455 1010 ῶμολόγησεν,
1499 919 1712 1009 παρὰ
1764 927 1911 993 τοῦ
1956 917 2264 1010 πατρὸς
2306 917 2857 1008 ἐκπορεύεται,
2906 913 3107 1004 αὖθίς
3153 949 3229 992 τε
3274 917 3315 994 6

623 1035 656 1088 5
819 1021 1050 1110 σωτήρ
1083 1046 1288 1109 φησιν
1317 1027 1472 1110 περὶ
1505 1027 1630 1091 τοῦ
1659 1018 2045 1109 πνεύματος
2076 1013 2185 1092 ότι
2222 1014 2383 1091 »οὐκ
2410 1014 2527 1106 ἀφ’
2560 1020 2807 1092 ἑαυτοῦ
2836 1017 3131 1108 λαλήσει,
3164 1018 3315 1094 ἀλλ’

819 1115 942 1192 όσα
993 1117 1265 1192 ἀκούσει
1319 1117 1624 1209 λαλήσει,
1683 1125 1794 1188 καὶ
1858 1119 1943 1190 τὰ
2006 1115 2329 1208 ἐρχόμενα
2388 1115 2747 1207 ἀναγγελεῖ
2800 1115 2973 1208 ύμῖν.
3060 1120 3315 1205 ἐκεῖνός

813 1247 894 1308 με
938 1217 1218 1306 δοξάσει,
1266 1212 1377 1291 ὅτι
1420 1225 1494 1291 ἐκ
1539 1225 1665 1291 τοῦ
1709 1224 1874 1308 ἐμοῦ
1914 1225 2023 1292 83¹
2068 1215 2357 1308 λήψεται
2398 1225 2511 1288 καὶ
2556 1215 2907 1308 ἀναγγελεῖ
2948 1217 3172 1310 υμῑνι,
3234 1219 3316 1294 ού

817 1327 1053 1408 σαφῶς
1105 1327 1218 1391 καὶ
1271 1326 1586 1408 φανερῶς
1629 1323 1933 1392 ἐνταῦθα
1978 1315 2351 1438 ἀπορρήτῳ
2398 1322 2535 1407 (δὲ)
2589 1315 2776 1408 λόγῳ
2823 1315 2865 1408 ἦ
2905 1320 3121 1409 μονὰς
3164 1330 3316 1410 φαί-

822 1447 1028 1502 νεται,
1075 1425 1554 1508 πλατυνομένη
1599 1424 1722 1508 μὲν
1765 1425 1860 1501 εἰς
1906 1415 2172 1506 τριάδα,
2226 1423 2631 1505 διαιρεῖσθαι
2674 1424 2745 1489 δὲ
2785 1423 3111 1508 μηδαμῶς
3154 1450 3315 1493 υπο-

591 1537 658 1589 10
815 1524 1141 1607 μένουσα,·
1201 1524 1259 1589 εἰ
1303 1517 1428 1607 γὰρ
1475 1513 1512 1590 6
1557 1525 1681 1607 μὲν
1726 1515 1931 1607 λόγος
1984 1523 2057 1589 ἐκ
2099 1523 2226 1590 τοῦ
2276 1515 2536 1604 πατρὸς
2588 1516 3049 1606 ἐκπορεύεται,
3113 1518 3198 1591 τὸ
3244 1528 3315 1592 δὲ
3348 1528 3384 1582 3

817 1622 1080 1706 πνεῦμα
1123 1621 1237 1687 καὶ
1281 1613 1451 1689 αὐτὸ
1496 1612 1931 1706 ὁμολογεῖται
1976 1621 2051 1687 ἐκ
2093 1623 2220 1688 τοῦ
2261 1614 2523 1704 πατρὸς
2566 1616 3070 1707 ἐκπορεύεσθαι,
3116 1612 3315 1704 αὖθίς

820 1746 896 1788 τε
939 1722 1093 1806 περὶ
1138 1723 1265 1788 τοῦ
1305 1714 1696 1806 πνεύματος
1741 1715 1867 1789 τὸν
1911 1722 2189 1806 σωτῆρα
2234 1722 2455 1806 λέγειν
2520 1721 2810 1800 »ἐκεῖνος
2864 1724 2937 1791 ἐκ
2984 1726 3111 1791 τοῦ
3154 1723 3319 1808 ἐμοῦ

821 1815 1110 1906 λήψεται
1154 1823 1264 1887 καὶ
1307 1812 1668 1906 α’ναγγελεῑ
1705 1812 1931 1906 ύμτνι,
1994 1813 2117 1888 ούκ
2170 1815 2299 1906 ἄρα
2342 1811 2693 1906 πρόδηλόν
2734 1822 2919 1889 ἐστιν
2959 1826 3316 1908 κεκρυμμέ-

823 1943 946 1986 νον
989 1911 1589 1988 ἇνακαλύπτεσθαί
1632 1945 1701 1986 τι
1741 1914 2147 2006 μυστήριον,·
2188 1925 2339 1998 πῶς
2368 1912 2513 2005 γάρ,
2559 1921 2617 1986 εἰ
2656 1915 2747 2006 μὴ
2778 1913 2819 2006 ἦ
2846 1918 3063 2007 μονὰς
3104 1915 3314 1991 α’διαί·

595 2034 659 2087 15
819 2041 1016 2104 ρετος
1061 2008 1224 2086 οὖσα
1266 2021 1362 2099 εἰς
1405 2013 1643 2104 τριάδα
1687 2014 2131 2100 πλατύνοιτο,
2176 2020 2460 2105 ἐγχωρεῖ
2498 2013 2713 2088 αὐτὸν
2752 2025 2911 2107 περὶ
2949 2024 3077 2090 τοῦ
3118 2019 3317 2091 πνεύ-

817 2142 1032 2202 ματος
1089 2121 1264 2187 ποτὲ
1321 2121 1444 2206 μὲν
1500 2122 1716 2205 λέγειν
1767 2109 1876 2187 ὅτι
1930 2120 2004 2187 ἐκ
2057 2121 2182 2188 τοῦ
2223 2113 2485 2203 πατρὸς
2528 2114 2981 2202 ἐκπορεύεται,
3028 2123 3199 2190 ποτὲ
3243 2125 3317 2189 δὲ

819 2221 1037 2304 λέγειν
1085 2219 1374 2297 »ἐκεῖνος
1417 2219 1492 2286 ἐκ
1537 2222 1664 2287 τοῦ
1705 2219 1870 2304 ἐμοῦ
1913 2212 2205 2305 λήψεται
2253 2223 2367 2285 καὶ
2427 2211 2784 2303 ἀναγγελεῖ
2838 2211 3061 2304 ύμῑνι,
3114 2209 3316 2301 αὖθίς

817 2343 893 2386 τε
935 2310 1416 2404 ἐμφυσήσαντα
1459 2332 1606 2397 τοῖς
1647 2325 1988 2403 μαθηταῖς
2046 2311 2321 2398 »λάβετε
2362 2319 2625 2402 πνεῦμα
2668 2307 2902 2403 ἅγιον«
2955 2318 3315 2437 εἰρηκέναι;

817 2421 967 2496 πῶς
1012 2413 1137 2503 γὰρ
1184 2418 1241 2484 εἰ
1282 2417 1357 2485 ἐκ
1401 2419 1527 2485 τοῦ
1567 2410 1829 2500 πατρὸς
1891 2412 2327 2502 ἐκπορεύεται
2387 2412 2572 2500 παρὰ
2624 2419 2751 2484 τοῦ
2798 2417 2951 2485 υἱοῦ
3005 2413 3135 2504 τὴν
3177 2421 3313 2487 δια·
3347 2423 3384 2476 4

591 2527 659 2581 20
817 2519 1058 2584 κονίαν
1102 2510 1362 2600 ταύτην
1407 2509 1768 2601 λαμβάνειν
1813 2518 2325 2602 ἐπαγγέλλεται;
2370 2508 2625 2603 ἀνάγκη
2669 2511 2795 2603 γὰρ
2839 2517 2895 2583 εἰ
2930 2512 3072 2586 δύο
3117 2518 3314 2586 διαι·

819 2611 1186 2702 ρούμενα,
1232 2609 1330 2694 ῶς
1369 2607 1778 2700 Ἀστέριος”
1745 2641 1895 2703 εφη,
1938 2609 2329 2701 πρόσωπα
2372 2615 2501 2702 ειη,
2546 2609 2591 2701 ἢ
2636 2611 2717 2684 τὸ
2762 2620 3027 2704 πνεῦμα
3070 2618 3145 2685 ἐκ
3188 2621 3317 2686 τοῦ

817 2709 1078 2800 πατρὸς
1138 2708 1679 2801 ἐκπορευόμενον
1737 2711 1827 2802 μὴ
1893 2718 2155 2784 δεῖσθαι
2204 2717 2327 2801 τῆς
2381 2711 2565 2800 παρὰ
2611 2719 2738 2784 τοῦ
2778 2715 2929 2784 υιοῦ
2974 2719 3317 2796 διακονίας

819 2819 986 2900 (πᾶν
1029 2811 1156 2901 γὰρ
1201 2810 1281 2882 τὸ
1327 2816 1402 2882 ἐκ
1445 2810 1706 2900 πατρὸς
1749 2809 2290 2903 ἐκπορευόμενον
2332 2818 2599 2884 τέλειον
2640 2814 2811 2884 εἶναι
2856 2812 3143 2903 ἀνάγκη,
3194 2842 3314 2904 μη·

815 2919 1043 3002 δαμῶς
1085 2907 1590 3000 προσδεόμενον
1632 2918 1754 3001 τῆς
1795 2908 1957 3000 παρ’
2002 2914 2236 3001 ἑτέρου
2278 2920 2644 3001 βοηθείας),
2702 2908 2776 3002 ἧ,
2844 2918 2902 2984 εἰ
2960 2913 3147 3003 παρὰ
3190 2920 3317 2984 τοῦ

590 3026 656 3080 25
817 3016 966 3084 υἱοῦ
1011 3007 1342 3100 λαμβάνοι
1383 3017 1494 3081 καὶ
1539 3014 1614 3081 ἐκ
1660 3018 1782 3101 τῆς
1826 3016 2089 3084 ἐκείνου
2132 3009 2477 3101 δυνάμεως
2521 3017 2869 3102 διακονοὶη
2926 3012 3055 3102 τὴν
3098 3009 3313 3100 χάριν,

818 3117 1054 3201 μηκέτι
1096 3116 1170 3181 ἐκ
1215 3116 1341 3183 τοῦ
1381 3110 1644 3199 πατρὸς
1688 3110 2191 3202 ἐκπορεύεσθαι.

691 3219 801 3284 καὶ
844 3208 992 3299 μεθ’
1041 3210 1234 3298 ἕτερα
1279 3206 1510 3298 ἐπάγει
3346 3225 3383 3279 5

816 3314 952 3397 (Nr
997 3317 1101 3396 60)
1164 3314 1223 3379 εἰ
1283 3314 1354 3377 δὲ
1397 3307 1480 3379 τὸ
1527 3305 1946 3398 Εύαγγέλιον
2000 3306 2110 3380 ὅτι
2162 3306 2544 3399 ἐμφυσήσας
2586 3326 2732 3393 τοῖς
2774 3320 3114 3397 μαθηταῖς
3162 3306 3313 3383 »λά-

816 3419 966 3495 βετε
1011 3414 1276 3497 πνεῦμα
1319 3402 1549 3495 ἅγιον(
1602 3412 1879 3496 ἔφησεν,
1944 3415 2157 3499 δῆλον
2212 3438 2323 3479 οτι
2374 3413 2449 3480 ἐκ
2501 3415 2628 3479 τοῦ
2672 3405 2881 3498 λόγου
2924 3407 3008 3482 τὸ
3050 3416 3313 3499 πνεῦμα

590 3528 657 3583 30
816 3514 1121 3599 ἐξῆλθεν.
1205 3514 1358 3590 πῶς
1403 3498 1546 3591 οὖν,
1591 3513 1652 3578 εἰ
1691 3512 1767 3578 ἐκ
1811 3513 1939 3579 τοῦ
1982 3505 2191 3597 λόγου
2234 3507 2316 3579 τὸ
2359 3514 2620 3596 πνεῦμα
2662 3514 3049 3598 προῆλθεν,
3100 3506 3314 3582 πάλιν

818 3607 900 3680 τὸ
947 3604 1116 3678 αύτὸ
1164 3610 1237 3677 ἐκ
1277 3613 1404 3677 τοῦ
1447 3608 1710 3695 πατρὸς
1751 3606 2221 3695 ἐκπορεύεται;

691 3716 802 3780 καὶ
846 3714 1298 3798 προστίθησιν
1339 3702 1491 3795 μεθ’
1541 3707 1734 3793 ἕτερα

818 3811 954 3893 (Nr.
999 3812 1104 3891 60)
1168 3802 1294 3878 ούκ
1353 3801 1582 3893 ὀρθῶς
1640 3808 1765 3877 οὐν
1818 3801 1975 3876 οὐδὲ
2018 3804 2510 3895 προσηκόντως
2555 3810 2819 3896 ειρηκεν
2862 3827 3081 3897 τρεῖς
3120 3837 3311 3880 υπο-

817 3905 1132 3988 στάσεις
1177 3907 1406 3989 εἶναι,
1455 3902 1672 3993 φήσας
1717 3900 1836 3991 ούχ
1882 3896 2062 3991 α’παξ
2107 3900 2279 3977 ἀλλὰ
2320 3911 2432 3975 καὶ
2476 3904 2811 3996 δεύτερον.

863 4127 943 4183 31
972 4126 1095 4181 Joh.
1133 4128 1212 4189 15,
1248 4126 1314 4180 26
1349 4155 1416 4164 —
1453 4126 1488 4180 5
1525 4125 1646 4179 Joh.
1685 4127 1766 4195 16,
1805 4128 1885 4181 13.
1924 4128 1989 4180 14
2022 4154 2090 4165 -
2128 4126 2248 4182 lot
2275 4124 2399 4181 Joh.
2435 4130 2516 4191 15,
2554 4128 2711 4183 26—
2748 4127 2825 4183 12
2862 4127 2987 4183 Joh.
3025 4131 3107 4197 16,
3144 4132 3210 4185 14
3243 4158 3310 4170 —

695 4229 774 4286 1ss
807 4227 932 4283 Joh.
969 4230 1052 4295 15,
1089 4230 1156 4283 26
1190 4257 1257 4266 -
1295 4228 1367 4283 17
1409 4227 1530 4281 Joh.
1568 4228 1648 4292 16,
1687 4230 1754 4281 14
1789 4256 1855 4265 —
1896 4228 1972 4284 18
2010 4226 2132 4281 Joh.
2169 4228 2251 4293 20,
2288 4228 2355 4283 22
2390 4258 2455 4267 -
2493 4227 2572 4283 28
2610 4228 2733 4282 Joh.
2768 4229 2851 4295 20,
2888 4230 2957 4285 22

591 4376 638 4417 ὁ
867 4431 900 4486 1
939 4432 1036 4485 καὶ
1070 4428 1160 4483 fib.
1199 4427 1250 4482 d.
1289 4428 1341 4482 Z.
1382 4426 1456 4480 V¹
1520 4435 1528 4495 Ι
1599 4427 1626 4481 7
1669 4426 1893 4495 δοξάζει
1929 4426 2029 4491 V*‚
2066 4444 2200 4483 corr.
2239 4427 2315 4481 V2
2378 4430 2385 4495 Ι
2453 4429 2489 4485 8
2524 4428 2584 4484 δὲ
2608 4427 2700 4483 Mo
2764 4429 2773 4496 1
2840 4428 2918 4484 18
2956 4425 3063 4485 οὒκ
3096 4424 3216 4502 ἄρα
3240 4431 3313 4485 ΚΙ

697 4530 766 4588 οὐ
799 4529 914 4603 γὰρ
949 4530 1001 4585 V
1037 4527 1106 4587 οὗ
1139 4537 1278 4600 γοῦν
1313 4530 1394 4584 Re
1457 4532 1465 4596 Ι
1535 4529 1614 4585 20
1649 4526 1962 4600 λαμβάνειν
1998 4528 2069 4582 Κ1
2104 4528 2219 4599 vgl.
2254 4530 2307 4583 Z.
2345 4531 2411 4585 25
2447 4529 2799 4585 διακονεΐνν
2852 4532 2862 4600 Ι
2917 4531 2995 4587 25
3032 4533 3313 4605 λαμβάνει

695 4634 760 4699 V,
797 4650 931 4687 corr.
967 4630 1040 4685 Kl
1103 4633 1112 4699 Ι
1178 4630 1256 4687 28
1295 4628 1624 4700 Εὔαγὲλιον]
1663 4637 1728 4695 -f-
1762 4628 1954 4701 λέγειῖ
