3694 5582
715 515 832 575 142
1890 501 2159 558 Eusebius

715 663 870 740 ούδὲ
915 675 1061 739 τῶν
1107 663 1376 739 λοιπῶν
1422 669 1854 756 ἓρμηνευτῶν
1895 665 2115 756 ταύτῃ
2159 692 2264 748 τις
2316 669 2637 755 κέχρηται
2689 672 2775 754 τῇ
2818 670 3007 750 λέξει.
3094 658 3335 734 αὐτίκα

711 765 769 838 δ’
833 759 958 838 οὖν
1028 763 1066 839 6
1133 773 1258 856 μὲν
1298 762 1576 849 Ἀκύλας
1635 765 1901 854 »κύριος
1952 763 2286 855 ἐκτήσατό
2356 793 2439 852 με
2499 761 2880 852 κεφάλαιον
2940 769 3089 834 τῶν
3149 757 3337 834 ὁδῶν

711 863 958 938 αὐτοῦ(
1007 871 1292 956 εἴρηκεν,
1355 861 1393 936 6
1456 870 1524 937 δὲ
1579 865 1943 956 Σύμμαχος
2009 864 2275 954 »κύριος
2334 860 2670 986 ἐκτήσατό
2729 892 2809 952 με
2872 859 3086 952 ἀρχὴν
3146 855 3335 932 ὁδῶν

711 964 990 1052 αύτοῦι,
1054 963 1091 1037 6
1146 971 1217 1036 δὲ
1265 972 1655 1038 Θεοδοτίων
1719 965 1988 1054 »κύριος
2038 959 2375 1056 ἐκτήσατό
2418 993 2497 1055 με
2560 957 2771 1053 ἀρχὴν
2834 957 2999 1035 ὁδοῦ
3062 960 3333 1034 αύτοῦ«.

643 1085 674 1138 5
707 1073 820 1136 καὶ
863 1068 1004 1154 ἔχοι
1049 1062 1112 1156 γ’
1161 1062 1247 1137 ἀν
1290 1062 1502 1155 λόγον
1545 1061 1586 1154 ἦ
1633 1064 1962 1156 ερμηνεία.
2052 1064 2134 1138 τὸ
2188 1065 2313 1155 γὰρ
2356 1062 2734 1152 κεφάλαιον
2786 1068 2910 1152 τῆς
2954 1069 3103 1134 τῶν
3146 1088 3331 1151 γενη-
3370 1071 3438 1124 16

711 1173 859 1236 τῶν
904 1161 1267 1248 ἀπάντων,
1323 1159 1698 1254 ὁρωμένων
1751 1195 1824 1236 τε
1870 1172 1980 1236 καὶ
2024 1161 2349 1252 ἀφανῶν,
2411 1160 2801 1245 συστάσεως
2840 1191 2917 1234 τε
2960 1167 3075 1232 καὶ
3118 1183 3331 1249 σωτη-

709 1273 856 1354 ρίας
898 1261 1106 1348 αὐτὸς
1149 1258 1262 1353 ἧν,
1327 1293 1408 1336 ον
1461 1269 1698 1352 ἐγέννα
1747 1270 1873 1353 μὲν
1917 1258 1955 1335 6
2008 1264 2235 1356 πατὴρ
2284 1262 2435 1336 υἱὸν
2474 1268 2839 1353 μονογενῆ,
2894 1257 3335 1390 γεννήσαῖςμδὲ

709 1370 1126 1436 κατέταττεν
1170 1369 1450 1454 σωτῆρα
1493 1371 1642 1435 τῶν
1697 1356 1909 1448 ολων,
1972 1358 2681 1452 ἀνακεφαλαιούμενος
2732 1368 2807 1435 ἐν
2852 1359 3041 1450 αύτῷ
3085 1368 3199 1430 καὶ
3243 1345 3331 1429 δι’

709 1461 923 1535 αὐτοῦ
983 1463 1112 1552 τὴν
1171 1461 1479 1548 διάταξιν
1541 1469 1668 1535 τοῦ
1725 1461 2018 1548 παντός,
2082 1494 2179 1546 ως
2236 1469 2537 1550 ἐδίδαξεν
2596 1458 2635 1534 6
2696 1473 2885 1544 θεῖος
2946 1457 3335 1541 ἀπόστολος

609 1581 675 1636 10
709 1565 924 1635 εἰπών
971 1560 1742 1648 »ἀνακεφαλαιώσασθαι
1783 1558 2013 1634 πάντα
2056 1565 2131 1634 ἐν
2170 1570 2274 1653 τῷ
2320 1571 2623 1653 Χριστῷ,
2664 1561 2753 1633 τὰ
2796 1565 2907 1632 ἐπὶ
2950 1579 3099 1643 τοῖς
3140 1555 3333 1646 ούρα-

711 1681 854 1746 νοῑς
897 1672 1008 1733 καὶ
1054 1663 1140 1733 τὰ
1183 1668 1293 1734 ἐπὶ
1337 1668 1461 1753 τῆς
1502 1668 1692 1752 γῆςι,
1756 1693 1853 1744 ως
1912 1665 2001 1752 μὴ
2046 1659 2263 1752 μόνον
2304 1660 2391 1734 τὰ
2438 1663 2794 1753 σύμπαντα
2833 1658 2920 1732 δι’
2974 1655 3187 1731 αύτοῦ
3230 1680 3335 1727 συ-

713 1768 954 1852 στῆναι
997 1765 1072 1832 ἐκ
1115 1768 1242 1834 τοῦ
1285 1761 1374 1851 μὴ
1421 1756 1626 1845 ὄντος
1669 1767 1763 1844 εἰς
1807 1762 1891 1834 τὸ
1937 1764 2109 1833 εἶναι
2149 1759 2613 1851 προελθόντα,
2659 1756 2835 1834 ἀλλὰ
2876 1767 2991 1832 καὶ
3036 1764 3159 1848 τῆς
3188 1764 3334 1828 τῶν

713 1855 903 1934 ὅλων
945 1859 1340 1950 διοικήσεως
1384 1860 1513 1949 τὴν
1564 1857 1903 1950 πρόνοιαν
1964 1859 2407 1950 ἀναδέχεσθαι
2466 1859 2681 1935 αὐτὸν
2733 1890 2853 1933 ατε
2906 1858 3115 1949 λόγον
3145 1851 3333 1981 (ὄντα

710 1967 821 2033 καὶ
865 1968 1117 2047 σοφίαν
1160 1968 1272 2031 καὶ
1315 1959 1504 2049 ζωὴν
1544 1956 1811 2044 παντός
1852 1988 1927 2031 τε
1965 1967 2181 2033 καλοῦ
2220 1969 2334 2033 καὶ
2378 1959 2645 2050 ἀγαθοῦ
2684 1958 3053 2050 πλήρωμα,
3107 1955 3205 2038 ὥς
3248 1951 3331 2026 δι

609 2077 673 2132 15
713 2057 924 2134 αύτοῦ
965 2065 1419 2146 κυβερνᾶσθαι
1459 2069 1573 2131 καὶ
1617 2059 2068 2149 διασῴζεσθαι
2111 2061 2197 2131 τὰ
2241 2061 2617 2151 σύμπαντα.
2700 2069 2913 2132 τοῦτο
2958 2064 3031 2130 δὲ
3072 2062 3185 2128 καὶ
3224 2052 3331 2128 διὰ
3370 2067 3437 2120 17

711 2167 861 2231 τῶν
904 2164 1404 2251 προτεθέντων
1447 2168 1707 2247 λογίων
1751 2155 1958 2242 αὐτὸς
2000 2168 2315 2250 παρίστη,
2358 2156 2450 2232 δι’
2498 2190 2599 2232 ων
2642 2163 2936 2248 ἔφασκεν
2984 2154 3114 2228 »δι’
3168 2160 3332 2246 ἐμοῦ

709 2271 1000 2346 βασιλεῖς
1043 2256 1538 2344 βασιλεύουσιν,
1597 2265 1710 2331 καὶ
1763 2263 1830 2330 οὶ
1891 2257 2214 2332 δυνάσται
2257 2257 2632 2349 γράφουσιν
2695 2250 3328 2346 δικαιοσύνην·δί

709 2366 872 2450 ἐμοῦ
913 2365 1305 2450 μεγιστᾶνες
1347 2357 1869 2448 μεγαλύνονται,
1914 2365 2026 2430 καὶ
2070 2357 2396 2449 τύραννοι
2440 2356 2531 2430 δι’
2576 2364 2740 2449 ἐμοῦ
2782 2365 3111 2448 κρατοῦσι
3154 2362 3329 2446 γῆςι.

709 2455 946 2549 λόγοις
1008 2455 1075 2529 δ’
1122 2451 1247 2529 οὖν
1291 2454 1617 2548 ἀρρήτοις
1662 2463 1786 2547 τῆς
1829 2456 2141 2532 καθόλου
2202 2467 2445 2547 σοφίας
2507 2487 2581 2530 τε
2639 2464 2751 2529 καὶ
2808 2465 3147 2548 προνοίας
3207 2461 3333 2527 τοῦ
3368 2467 3438 2522 18

605 2573 674 2626 20
708 2563 857 2630 υἱοῦ
899 2564 1026 2630 τοῦ
1067 2562 1238 2628 θεοῦ
1281 2556 1369 2628 τὰ
1409 2555 1766 2646 σύμπαντα
1811 2562 2177 2629 διοικεῖται.
2264 2554 2456 2631 ταῦτ’
2500 2551 2625 2630 οὖν
2670 2558 2779 2630 διὰ
2822 2565 2973 2630 τῶν
3014 2583 3333 2645 προεκτε-

709 2665 988 2729 θέντων
1031 2662 1393 2741 ἐδίδασκεν,
1438 2649 1869 2745 προῦτρεπέν
1914 2686 1988 2729 τε
2032 2658 2302 2747 ἔχεσθαι
2351 2655 2566 2729 αὐτοῦ
2609 2654 2896 2744 φάσκων
2954 2659 3125 2746 »ἐγώ
3172 2654 3333 2736 τοῦς

710 2763 822 2846 ἐμὲ
867 2762 1242 2845 φιλοῦντας
1286 2751 1550 2846 ἀγαπῶ,
1617 2764 1628 2843 Ι
1696 2759 1762 2829 οἱ
1807 2762 1879 2827 δὲ
1910 2761 2019 2846 ἐμὲ
2050 2763 2416 2848 ζητοῦντες
2446 2753 2903 2847 εύρήσουσινι,
2949 2753 3331 2845 ἀπέτρεπέν
3372 2767 3491 2825 158

712 2887 787 2929 τε
829 2864 953 2947 τῆς
997 2862 1310 2937 ἐναντίας
1362 2852 1528 2929 ὁδοῦ
1587 2854 1677 2927 δι’
1734 2885 1838 2927 ων
1890 2854 2226 2946 ἐπήγαγεν
2283 2860 2594 2947 »ἐμίσησα
2654 2862 2725 2929 δὲ
2784 2859 2921 2947 ἐγώ
2985 2861 3331 2945 διεστραμ-

709 2965 914 3049 μένας
958 2952 1158 3039 ὁδοὺς
1208 2964 1502 3027 κακῶνι.
1585 2964 1696 3027 καὶ
1758 2955 1840 3046 δὴ
1903 2963 2121 3028 ταῦτα
2172 2964 2287 3028 καὶ
2338 2958 2423 3028 τὰ
2477 2956 2753 3041 τούτοις
2805 2955 3067 3043 ἀδελφὰ
3120 2951 3159 3027 6
3204 2961 3331 3028 τοῦ
3368 2960 3439 3016 19

609 3076 676 3131 25
711 3064 880 3130 θεοῦ
919 3055 1064 3139 υίὸς
1091 3050 1324 3143 (αὐτὸς
1353 3054 1477 3175 γὰρ
1521 3046 1609 3143 ἦν
1655 3052 1696 3145 ἦ
1738 3063 1969 3143 σοφία)
2002 3054 2567 3146 διαστειλάμενος,
2614 3058 2761 3145 ἑξῆς
2790 3074 2939 3139 τοῖς
2970 3052 3060 3127 δι’
3096 3051 3329 3126 αὐτῶν

601 3210 634 3227 ,
711 3160 1314 3245 προωφελημένοις
1381 3154 1512 3244 τὴν
1591 3155 1925 3245 μυστικὴν
1994 3161 2151 3245 περὶ
2220 3157 2468 3227 εαυτοῦ
2535 3162 2790 3244 γνῶσιν
2867 3160 3334 3247 παραδίδωσιν

712 3262 935 3345 λέγων
984 3253 1141 3326 »ἐὰν
1202 3249 1578 3343 ἀναγγείλω
1631 3250 1786 3343 υμῖν
1827 3254 1917 3326 τὰ
1958 3250 2118 3326 καθ’
2160 3251 2413 3345 ἡμέραν
2458 3252 2833 3345 γιγνόμενα,
2882 3252 3333 3345 μνημονεύσω

711 3353 798 3428 τὰ
843 3360 914 3440 ἐξ
957 3361 1210 3435 αἰῶνος
1253 3350 1676 3444 ἀριθμῆσαιι.
1763 3359 1820 3425 εἰ
1861 3354 1989 3442 γὰρ
2039 3360 2372 3444 μέλλοιμι,
2435 3364 2667 3445 φησίν,
2729 3353 2818 3426 τὰ
2878 3351 2984 3443 ἐφ’
3048 3350 3335 3441 ἑκάστης
3370 3363 3443 3418 20

715 3451 958 3544 ἡμέρας
999 3450 1112 3525 ὑπ’
1157 3457 1320 3543 ἐμοῦ
1369 3450 1811 3543 πραττόμενα
1865 3451 2229 3539 διδάσκειν,
2292 3450 2549 3544 ἀνάγκη
2610 3460 2725 3526 καὶ
2782 3463 2932 3527 τῶν
2996 3458 3069 3541 ἐξ
3128 3449 3337 3541 ἀρχῆς

611 3571 678 3625 30
715 3560 838 3624 τοῦ
877 3550 1142 3635 παντὸς
1187 3557 1438 3635 αἰῶνος
1483 3555 1704 3642 ἔργων
1747 3554 2043 3642 ἐμαυτοῦ
2092 3561 2545 3643 μνημονεῦσαι
2594 3561 2709 3625 καὶ
2758 3558 3184 3642 παραστῆσαι
3238 3548 3337 3633 ὥς

712 3658 822 3724 ἐπὶ
867 3650 1096 3741 τούτῳ
1140 3678 1220 3740 με
1280 3644 1318 3722 6
1364 3650 1689 3742 γεννήσας
1748 3652 1978 3742 πατὴρ
2031 3652 2260 3742 ἄρχειν
2304 3660 2453 3724 τῶν
2498 3648 2691 3727 ὅλων
2731 3660 3169 3741 κατέστησεν,
3224 3646 3333 3737 ἐφ’

715 3744 772 3841 ᾧ
819 3781 893 3823 τε
940 3747 1248 3841 ἡγεῖσθαι
1291 3758 1437 3822 τῶν
1485 3746 1669 3824 ὁδῶν
1715 3746 1928 3823 αύτοῦ
1970 3758 2080 3822 καὶ
2126 3758 2278 3825 τῶν
2316 3749 2431 3823 ὕπ’
2476 3750 2691 3825 αύτοῦ
2722 3749 2804 3827 δι’
2849 3758 3013 3843 ἐμοῦ
3056 3777 3339 3839 πεποιη-

711 3856 943 3941 μένων
986 3854 1223 3939 ἔργων.
1309 3848 1414 3921 διὸ
1478 3848 1883 3934 ἀκολούθως
1942 3849 2175 3941 ἐπάγει
2235 3850 2317 3923 τὸ
2385 3852 2650 3941 »κύριος
2694 3854 2957 3923 ἕκτισέν
2998 3880 3078 3941 με
3122 3848 3337 3939 ἀρχὴν

713 3944 898 4021 ὁδῶν
943 3946 1156 4022 αυτοῦ
1198 3952 1366 4033 εἰς’
1335 3980 1494 4041 εργα
1537 3947 1808 4035 αύτοῦ«,
1854 3979 1895 4039 η
1949 3951 2211 4039 »κύριος
2249 3948 2581 4042 ἐκτήσατό
2624 3980 2739 4073 μετ(
2788 3949 2965 4022 κατὰ
3008 3949 3141 4041 τὴν
3171 3947 3335 4021 ἀπο-

611 4068 678 4123 35
715 4056 1035 4122 δοθεῖσαν
1071 4051 1438 4139 ἑρμηνείαν.
1525 4048 1606 4123 τὸ
1651 4048 1778 4139 γὰρ
1819 4056 1985 4141 μέγα
2026 4057 2248 4141 κτῆμα
2291 4057 2418 4122 τοῦ
2460 4058 2633 4123 θεοῦ
2676 4046 2715 4122 6
2766 4078 3144 4169 μονογενης
3189 4048 3335 4131 υἱὸς
3368 4055 3439 4109 21

718 4142 820 4241 ἦν,
863 4146 1021 4221 καθ’
1056 4178 1092 4219 ο
1121 4154 1246 4239 μὲν
1289 4153 1360 4235 ἐξ
1403 4144 1615 4220 αὐτοῦ
1655 4156 1977 4239 γεγένητο
2006 4142 2207 4233 υἱὸς’
2180 4178 2285 4221 ων
2314 4147 2545 4237 αὐτοῦ,
2588 4147 2747 4221 καθ’
2779 4144 2818 4221 6
2848 4156 2922 4221 δὲ
2952 4168 3097 4232 τοῖς
3125 4156 3335 4222 πᾶσιν

643 4452 650 4461 Ι
886 4369 986 4426 ΞΠ
1029 4369 1188 4425 Prov.
1224 4370 1274 4435 8,
1310 4370 1376 4426 22
1429 4364 1678 4425 Α’Σ’Θ’
1730 4398 1797 4409 -
1855 4371 1925 4425 10
1976 4368 2113 4442 Eph.
2150 4375 2196 4435 1,
2237 4374 2303 4427 10
2354 4400 2421 4410 --
2476 4371 2553 4426 16
2606 4371 2764 4427 Prov.
2800 4370 2859 4435 8,
2896 4372 2978 4427 15.
3016 4371 3084 4426 16
3134 4400 3202 4411 -
3256 4369 3331 4424 21

713 4471 877 4528 Prov.
911 4473 962 4541 8,
998 4474 1062 4527 17
1099 4502 1166 4511 -—
1203 4470 1281 4527 28
1317 4471 1478 4527 Prov.
1513 4471 1562 4537 8,
1601 4472 1666 4527 13
1701 4500 1768 4511 -
1805 4472 1881 4527 27
1922 4472 2081 4527 Prov.
2117 4474 2167 4538 8,
2203 4475 2315 4529 212
2346 4502 2413 4513 —
2450 4472 2572 4529 831
2599 4473 2759 4529 Prov.
2794 4472 2845 4541 8,
2880 4473 2948 4527 22

889 4673 924 4727 2
963 4670 1225 4729 ἐκτίσατο
1265 4672 1360 4741 V*,
1397 4689 1533 4727 corr.
1569 4672 1648 4726 V²
1709 4674 1717 4741 Ι
1784 4672 1863 4728 84
1902 4669 2161 4729 ἐκτίσατο
2200 4672 2296 4741 V*‚
2334 4690 2470 4729 corr.
2510 4672 2586 4727 V²
2646 4674 2655 4743 Ι
2720 4672 2797 4729 88
2830 4670 3137 4744 γεγέννητο
3175 4672 3253 4727 V²
