3694 5582
614 429 690 490 72
1787 417 2059 474 Eusebius

613 582 793 673 ζωὴν
837 583 1180 704 αἰοόνιονι.
1253 586 1656 653 πιστευτέον
1699 587 1871 671 δῆτα
1901 578 2111 674 αύτῷ,
2155 579 2253 664 ῶς
2294 610 2382 654 αν
2425 589 2549 672 τῆς
2592 585 2875 654 αἰωνίου
2917 577 3232 672 τύχοιμεν

613 689 810 772 ζωῆς,
903 678 1012 754 ›6‹
1062 680 1186 771 γὰρ
1248 679 1663 753 »πιστεύωνι
1714 687 1923 770 φησὶν
1987 685 2117 766 »εἰς
2178 678 2393 754 αὐτὸν
2452 684 2580 771 ἔχει
2641 680 2827 772 ζωὴν
2876 681 3230 754 αἰῶνιονι·
3300 695 3333 748 7

613 779 734 870 οὐχ
795 778 832 854 6
897 781 1259 871 γινώσκων
1311 774 1502 862 ὅπως
1553 786 1628 853 ἐκ
1681 788 1807 853 τοῦ
1847 779 2113 870 πατρὸς
2158 787 2577 872 γεγέννηται,
2640 778 2721 854 οὗ
2772 780 2899 871 γὰρ
2952 780 3038 852 ἄν
3092 809 3231 852 τινι

611 887 824 971 μετῆν
868 889 1043 973 ζωῆς
1070 884 1403 1004 αἰωνίου,
1467 885 1525 952 εἰ
1579 879 1660 972 δὴ
1705 878 1896 954 τοῦτ’
1942 886 2201 972 εἴρηται
2255 875 2366 954 ὅτι
2415 887 2676 971 »μηδεὶς
2718 883 2893 971 ἔγνω
2939 880 3066 953 τὸν
3108 908 3231 952 πα-

541 995 574 1049 5
613 989 774 1070 τέρα
818 984 875 1052 εἰ
917 981 1005 1072 μὴ
1052 976 1090 1052 6
1135 977 1296 1064 υἱός,
1339 985 1506 1071 μηδὲ
1551 979 1682 1053 τὸν
1721 977 1875 1052 υἱόν
1920 1011 2023 1064 τις
2065 983 2240 1071 ἔγνω
2284 987 2343 1052 εἰ
2384 981 2512 1072 μὴ«
2568 979 2780 1071 μόνος
2822 976 2862 1052 6
2905 978 3231 1070 γεννήσας

613 1077 828 1153 αὐτὸν
878 1079 1200 1170 »πατήρ«.
1284 1077 1578 1168 ἀπαρκεῖ
1616 1079 1982 1170 τοιγαροῦν
2024 1077 2183 1170 ἡμῖν
2236 1077 2277 1171 ἦ
2330 1088 2557 1164 πίστις
2614 1087 2726 1156 52⁷
2782 1077 2957 1168 πρὸς
3016 1105 3231 1169 σωτη-

612 1187 795 1266 ρίαν,
862 1176 903 1269 ἧ
963 1179 1135 1250 θεὸν
1188 1187 1450 1269 πατέρα
1503 1177 2041 1270 παντοκράτορα
2091 1187 2477 1270 παρέχουσα
2518 1180 2904 1270 γινώσκειν,
2947 1187 3060 1251 καὶ
3103 1176 3231 1251 τὸν

610 1285 950 1370 μονογενῆ
994 1275 1206 1351 αὐτοῦ
1248 1279 1400 1351 υίὸν
1444 1277 1939 1368 ἐπιγράφεσθαι
1990 1285 2295 1370 σωτῆρα,
2340 1275 2416 1363 ὃς
2469 1281 2549 1371 δὴ
2594 1279 2767 1371 πρὸς
2810 1297 2953 1362 τοῖς
2998 1277 3232 1362 αλλοις

609 1387 723 1450 καὶ
776 1375 976 1452 ταῦθ’
1033 1370 1166 1450 ῶδε
1224 1384 1590 1466 παρεδίδου
1649 1385 1873 1469 λέγων
1938 1380 2058 1452 »τὸ
2120 1387 2608 1470 γεγεννημένον
2666 1383 2741 1452 ἐκ
2800 1384 2923 1468 τῆς
2982 1376 3231 1468 σαρκὸς

507 1489 575 1544 10
611 1475 778 1568 σάρξ
837 1483 1050 1564 ἐστιν,
1108 1485 1220 1550 καὶ
1282 1478 1366 1550 τὸ
1420 1485 1908 1569 γεγεννημένον
1959 1484 2035 1552 ἐκ
2084 1486 2212 1552 τοῦ
2252 1479 2639 1570 πνεύματος
2682 1477 2947 1568 πνεῦμά
2990 1483 3229 1550 ἐστιν«.

617 1586 950 1668 »πνεῦμω
1000 1584 1071 1649 δὲ
1121 1573 1196 1649 »ό
1241 1576 1464 1661 θεός«.
1534 1577 1638 1651 διὸ
1684 1579 1919 1652 ἕπεται
1962 1597 2164 1666 νοεῖν,
2210 1609 2307 1662 ως
2347 1586 2461 1651 καὶ
2502 1577 2585 1652 τὸ
2632 1584 3113 1669 γεγεννημένον
3154 1582 3229 1648 ἐκ
3296 1586 3333 1640 8

611 1686 738 1750 τοῦ
779 1684 950 1750 θεοῦ
991 1676 1156 1761 θεὸς
1202 1674 1290 1748 ἀν
1333 1682 1450 1768 εἴη.
1537 1702 1679 1768 οσῳ
1723 1684 1796 1749 δὲ
1837 1685 1965 1768 τῆς
2006 1679 2305 1769 γεῶδους
2349 1679 2595 1768 σαρκὸς
2648 1674 2687 1750 6
2726 1681 3036 1750 ἐπέκεινα
3078 1683 3229 1748 τῶν

611 1773 802 1850 όλων
843 1776 1006 1861 θεὸς
1049 1774 1612 1867 ἀπηλλοτρίωται
1652 1785 1767 1850 καὶ
1811 1773 2311 1866 ἇπεσχοίνισται
2356 1785 2439 1868 τῇ
2486 1777 2697 1866 φύσει,
2739 1775 3055 1866 τοσούτῳ
3102 1775 3227 1867 χρὴ

611 1896 798 1949 νοεῖν
840 1885 950 1948 καὶ
994 1883 1116 1966 τῆς
1168 1884 1316 1950 τῶν
1375 1885 1652 1964 σαρκῶν
1702 1883 2025 1967 γενέσεως
2085 1873 2697 1969 ἄπηλλοτριῶσθαι
2756 1875 2885 1950 τὸν
2942 1875 3227 1966 τρόπον,

509 1988 574 2042 15
608 1973 780 2048 καθ>
841 1971 924 2048 ὃν
985 1971 1022 2049 6
1089 1975 1318 2067 πατὴρ
1379 1981 1616 2067 ἐγέννα
1678 1976 1807 2050 τὸν
1856 1975 2025 2050 υἱόν.
2088 1987 2099 2062 1
2166 1973 2249 2050 οῦ
2308 1975 2432 2066 γᾶρ
2490 2006 2561 2048 τι
2617 1982 3017 2068 προϊεμένος
3079 1973 3225 2049 οὐδ’
3268 1987 3347 2044 73

611 2074 1096 2166 α’λλοιούμενος
1139 2073 1299 2148 οὐδέ
1338 2104 1411 2166 γε
1455 2085 1862 2168 παθητικῶς
1903 2076 2301 2167 κινούμενος
2344 2073 2495 2149 οὐδ’
2540 2072 2721 2162 ολως
2765 2106 2834 2147 τι
2877 2083 3025 2149 τῶν
3070 2072 3229 2166 ἡμῖν

611 2182 1184 2267 συνεγνωσμένων
1241 2172 1632 2267 ύπομένων,
1693 2172 1945 2267 ύφίστη
2006 2173 2236 2250 αύτόν.
2363 2173 2522 2250 οῦδὲ
2571 2175 2699 2267 γὰρ
2742 2183 2936 2266 σῶμα
2978 2167 3087 2265 ἦν,
3134 2172 3231 2260 ῶς
3296 2189 3331 2244 9

612 2272 993 2366 ἀπόρροιαν
1049 2271 1095 2365 ἢ
1148 2284 1422 2365 μείωσιν
1481 2305 1522 2398 η
1579 2281 1855 2348 ἔκτασιν
1920 2271 1958 2297 ’
1912 2275 2391 2366 ημεταβολὴν
2450 2271 2495 2365 ἢ
2536 2275 2808 2366 τροπὴν
2866 2272 2913 2366 ἢ
2956 2275 3127 2366 ῥοὴν
3184 2271 3229 2365 ἢ

608 2383 809 2464 μέρος
869 2371 914 2464 ἢ
977 2371 1206 2457 πάθος
1265 2369 1368 2445 ἐπ’
1431 2371 1620 2466 αὐτῷ
1682 2382 2099 2465 λογίσασθαι.
2184 2375 2462 2448 τούτων
2516 2371 2581 2449 δ’
2634 2374 2833 2460 ἐκτὸς
2876 2372 3227 2460 ἁπάντων,

506 2481 576 2536 20
611 2502 914 2564 αρρητον
973 2471 1134 2564 ἡμῖν
1193 2481 1304 2544 καὶ
1380 2469 1928 2564 ανεπιλόγιστον,
1998 2481 2261 2566 μᾶλλον
2324 2482 2399 2547 δὲ
2456 2471 2641 2565 πάσῃ
2711 2482 2963 2567 γενητῇ
3035 2473 3227 2564 φύσει

608 2571 1137 2663 ἀνεξερεύνητον
1195 2579 1306 2643 καὶ
1369 2569 1879 2663 ἀνεξιχνίαστον
1940 2574 2071 2665 τήν
2124 2583 2623 2666 γενεσιουργίαν
2665 2573 2935 2666 ύφίστη.
3018 2581 3225 2668 γεννᾷ

606 2677 730 2762 μὲν
772 2665 898 2745 οὖν
939 2679 1053 2744 καὶ
1105 2668 1295 2762 ἥλιος
1351 2671 1482 2762 τὴν
1543 2669 1787 2764 αὐγήν,
1825 2680 2116 2795 ‘amma
2176 2682 2248 2748 δὲ
2306 2681 2418 2746 καὶ
2480 2670 2519 2746 6
2579 2673 2723 2756 υίὸς
2788 2671 3225 2764 »ἀπαύγασμα

609 2769 846 2860 φωτὸς
875 2767 1128 2844 αιδίου(
1163 2779 1274 2845 καὶ
1309 2769 1746 2864 »απαύγασμα
1774 2779 1898 2865 τῆς
1928 2772 2189 2864 δόξηςι,
2236 2771 2319 2848 οῦ
2344 2773 2478 2867 μὴν
2507 2773 2684 2847 κατὰ
2712 2774 2845 2866 τὴν
2888 2774 3225 2866 αἰσθητὴν

607 2878 736 2945 τοῦ
789 2870 1026 2959 φωτὸς
1079 2869 1334 2944 εἰκόνα·
1423 2876 1734 2945 ἐπέκεινα
1793 2874 1921 2965 γὰρ
1980 2873 2245 2960 παντὸς
2302 2882 2845 2967 παραδείγματος
2906 2872 3227 2966 ἀρρήτοις

504 2976 573 3033 25
609 2968 826 3043 αὐτὸν
865 2980 980 3044 καὶ
1021 2967 1534 3062 ἀκαταλήπτοις
1563 2968 1797 3061 λόγοις
1838 2970 2109 3064 ύφίστη,
2152 2982 2265 3045 καὶ
2294 2982 2553 3047 τοῦτον
2582 2976 2699 3047 ἕνα
2726 2981 2839 3045 καὶ
2866 2978 3222 3066 μονογενῆ.

609 3076 952 3157 δυσσεβῶν
997 3077 1067 3143 δὲ
1110 3078 1222 3143 καὶ
1265 3068 1503 3143 ἀθέων
1555 3069 1832 3160 ἀνδρῶν
1893 3081 2039 3146 τῶν
2101 3074 2233 3165 τὴν
2289 3074 2647 3148 πολύθεον
2704 3070 2979 3163 πλάνην
3037 3100 3223 3146 νενο·
3260 3080 3332 3135 10

608 3167 927 3261 σηκότων
987 3167 1507 3261 ἇποπεφρᾶχθω
1578 3179 1720 3245 πᾶν
1777 3171 2021 3264 στόμα,
2096 3176 2168 3246 οἳ
2223 3180 2352 3246 τοῦ
2411 3179 2827 3263 μονογενοῦς
2883 3175 3035 3245 υἱοῦ
3094 3172 3225 3262 τὴν

607 3276 955 3359 ἐξαίρετον
996 3277 1111 3343 καὶ
1155 3268 1540 3359 ἰδιάζουσαν
1581 3279 1893 3363 γέννησιν
1937 3277 2029 3354 εἰς
2072 3277 2347 3362 πλῆθος
2396 3269 2901 3360 καταβαλόντες
2958 3277 3225 3361 πατέρα

614 3366 924 3457 »ἀνδρῶν
969 3399 1042 3442 τε
1087 3377 1279 3443 θεῶν
1321 3400 1433 3443 τε(
1483 3367 1931 3463 ἆνειρήκασιν,
1978 3367 2149 3461 όμοῦ
2190 3378 2313 3463 μὲν
2356 3372 2606 3463 ἄνδρας
2660 3381 2973 3463 μίξαντες
3013 3383 3222 3454 θεοῖς,

501 3470 574 3527 ³0
609 3465 783 3558 όμοῦ
826 3475 897 3541 δὲ
940 3468 1216 3553 τούτοις
1277 3466 1548 3561 όμοφυᾶ
1598 3476 1709 3543 καὶ
1765 3471 1893 3544 τὸν
1946 3467 2159 3543 αῦτὸν
2212 3470 2668 3563 εἰσηγούμενοι
2708 3478 2987 3559 πατέρα.
3074 3467 3222 3543 ἀλλ’

609 3572 749 3641 οἵδε
788 3574 913 3657 μὲν
955 3574 1250 3664 ἐνεργείᾳ
1293 3576 1652 3661 δαιμονικῇ
1695 3569 1778 3644 τὸ
1825 3577 2131 3659 δυσσεβὲς
2173 3578 2369 3643 τουτὶ
2411 3580 2526 3643 καὶ
2568 3571 2783 3645 ἄθεον
2820 3566 3225 3660 προήκαντο

607 3670 811 3758 ῥῆμα,
868 3674 969 3759 τῷ
1025 3676 1271 3760 θνητῶ
1325 3678 1439 3742 καὶ
1479 3678 1849 3762 παθητικῷ
1894 3676 2004 3743 καὶ
2048 3667 2488 3763 ἆμαρτητικῶ
2541 3679 2717 3760 γένει
2759 3676 2909 3742 τῶν
2950 3665 3227 3758 ἀνθρώ·

606 3797 767 3839 πων
811 3763 1134 3858 όμοφυετς
1177 3776 1288 3840 καὶ
1333 3764 1713 3858 ὁμοπαθεῖς
1756 3771 1967 3854 θεοὺς
2016 3778 2128 3843 καὶ
2180 3769 2309 3843 τὸν
2361 3769 2637 3843 τούτων
2690 3768 2927 3842 κοινὸν
2968 3766 3227 3842 ὑποθέ-

605 3897 800 3959 μενοι
843 3876 1106 3958 πατέρα
1147 3866 1432 3952 πάντως
1471 3898 1612 3941 που
1655 3886 1802 3952 τοῖς
1845 3878 2079 3942 παισὶν
2118 3877 2735 3989 staupmuotmadvov·
2798 3864 2835 3941 6
2881 3864 2947 3939 δ’
2992 3872 3227 3957 ἐκκλη-

499 3967 571 4023 35
608 3966 949 4050 σιαστικὸς
1007 3973 1218 4057 κῆρυξ
1278 3968 1428 4051 ἑνὸς
1488 3975 1660 4041 θεοῦ
1723 3971 1840 4041 ἕνα
1898 3974 2234 4059 μονογενῆ
2294 3967 2448 4041 υἱὸν
2505 3980 2651 4052 τοῖς
2709 3974 2918 4041 πᾶσιν
2978 3965 3227 4055 ἀνακη-

607 4066 862 4155 ρύττει,
927 4060 1010 4139 ὃν
1050 4062 1218 4156 ὑπὲρ
1266 4073 1388 4158 τῆς
1441 4075 1588 4141 τῶν
1633 4076 1943 4159 γενητῶν
1996 4064 2333 4139 ἁπάντων
2384 4075 2724 4157 σωτηρίας
2783 4096 2860 4139 τε
2900 4074 3013 4141 καὶ
3056 4094 3225 4158 προ-

607 4176 798 4251 νοίας
841 4164 1108 4257 ύφίστη.

779 4340 814 4393 2
853 4337 976 4393 Joh.
1013 4340 1063 4405 3,
1098 4340 1166 4395 36
1202 4368 1268 4377 —
1304 4339 1342 4394 4
1379 4338 1576 4393 Matth.
1615 4342 1696 4403 11,
1715 4340 1779 4394 27
1816 4368 1884 4378 —
1918 4338 1957 4394 9
1996 4336 2237 4408 Joh.3,6
2275 4366 2343 4378 -
2381 4338 2454 4394 ll
2493 4338 2763 4405 Joh.4,24
2797 4366 2864 4376 ·-
2899 4336 2976 4393 22
3014 4334 3224 4391 Weish.

603 4438 714 4493 Sal.
753 4440 800 4502 7,
835 4440 902 4495 26
937 4470 1004 4477 -
1041 4440 1119 4495 22
1157 4439 1322 4496 Hebr.
1360 4442 1407 4507 1,
1443 4440 1475 4494 3
1510 4470 1577 4477 —
1616 4440 1688 4495 27
1731 4440 1887 4495 Rom.
1924 4443 1972 4507 3,
2011 4440 2077 4494 19
2113 4467 2180 4478 -·
2216 4439 2336 4495 281
2366 4438 2570 4493 Homer
2606 4440 2653 4493 A
2691 4442 2791 4495 544
2826 4456 2878 4495 u.
2916 4444 2964 4494 ὃ.

777 4590 816 4646 4
839 4591 902 4659 δὴ
925 4590 1076 4659 (oder
1093 4590 1178 4661 γε)
1199 4590 1274 4644 Kl
1306 4589 1366 4646 δὲ
1383 4590 1434 4643 V
1463 4590 1474 4659 Ι
1503 4591 1540 4646 6
1575 4590 1856 4660 σωτηρίαν
1876 4608 1932 4644 m
1952 4590 2237 4661 σωτήριον
2256 4590 2305 4643 V
2336 4591 2345 4657 Ι
2386 4590 2464 4646 28
2485 4586 2848 4657 ἀιδιάζουσαν
2868 4590 2966 4657 V*‚
2988 4605 3123 4643 oorr.
3145 4588 3227 4643 V·
