3694 5582
1215 491 1284 548 de
1319 492 1692 548 eoolosiaatioa
1723 491 2011 562 theologia
2044 493 2073 547 I
2109 493 2310 548 1213.
3000 502 3077 564 73

624 659 706 729 13
749 653 978 744 ἐπειδὴ
1024 654 1152 745 γάρ
1196 649 1240 745 ἦ
1283 662 1433 726 τῶν
1474 651 1866 743 γεγονότων
1912 653 2127 742 φύσις,
2188 661 2265 728 ἐν
2308 656 2612 748 σῶμασιν
2653 663 2767 730 καὶ
2812 653 3080 745 ἀσωμά-
3130 678 3221 739 ὅτι
3258 679 3433 754 &vay-

458 781 604 836 τοις
663 752 987 844 ἐμψύχοις
1045 783 1120 826 τε
1179 759 1290 826 καὶ
1351 751 1636 843 ἀψύχοις
1699 767 1998 844 λογικοῖς
2051 782 2129 826 τε
2177 764 2289 827 καὶ
2344 752 2619 846 ἀλόγοις
2670 769 2959 848 θνητοῖς
3002 785 3079 828 τε
3144 751 3281 807 '⁶⁶²0‘
3316 753 3415 806 καὶ

455 860 569 923 καὶ
612 847 994 938 ἀθανάτοις
1048 852 1130 926 τὸ
1185 851 1520 942 διάφορον
1579 861 2149 945 κεκτημένη,τῷ
2210 852 2380 945 ὑπὲρ
2441 855 2736 929 πάντων
2794 862 2907 927 καὶ
2966 861 3077 928 ἐπὶ

3137 820 3415 904 σωτήριος

3109 893 3235 952 τοῖς
3276 892 3449 943 πᾶσιν

454 949 746 1024 πάντων
795 960 946 1044 θεῶ
989 949 1309 1042 πελάζειν
1359 959 1470 1026 καὶ
1523 961 1671 1027 τῶν
1724 960 1734 1042 Ι
1789 960 1914 1043 τῆς
1970 950 2183 1027 αύτοῦ
2236 953 2577 1046 θεότητος
2623 964 3077 1046 μαρμαρυγῶν
3120 971 3194 1029 74
3262 972 3297 1041 ὴ
3346 979 3451 1026 τοῦ

389 1065 422 1117 5
458 1047 580 1139 ούχ
625 1055 734 1125 οἷα
779 1081 857 1125 τε
899 1046 987 1144 ἦν
1027 1061 1333 1144 μετέχειν
1373 1049 1466 1125 δι’
1509 1050 1903 1144 ύπερβολὴν
1946 1060 2071 1143 τῆς
2114 1051 2253 1128 ἀπὸ
2285 1062 2411 1127 τοῦ
2438 1065 2841 1144 κρείττονος
2870 1060 3077 1130 ἐλλεί-

455 1171 660 1236 ψεως,
703 1151 970 1242 μακρὰν
1013 1159 1086 1225 δὲ
1127 1163 1239 1225 καὶ
1280 1149 1718 1244 πορρωτάτω
1763 1151 2027 1240 φύσεως
2071 1151 2387 1246 ἀσθενείᾳ
2432 1156 2801 1228 διῶλισθεν
2831 1155 3136 1244 mel

3148 1052 3276 1112 υἱοῦ
3311 1051 3426 1111 ἐπι·

3174 1124 3392 1180 στασία.

457 1250 546 1341 μὴ
589 1257 763 1323 θεοῦ
804 1257 1118 1343 σωτῆρος
1161 1258 1398 1342 ἔτυχεν
1439 1259 1724 1341 βοηθοῦ,
1787 1249 2071 1336 εἰκότως
2132 1250 2173 1343 ἦ
2226 1253 2526 1344 πατρικὴ
2540 1264 3080 1376 φιλανθρωπία
3145 1245 3205 1313 Ὗ

457 1349 582 1423 τὸν
626 1347 842 1423 αὐτοῦ
881 1357 1216 1442 μονογενῆ
1259 1360 1470 1426 παῖδα
1512 1357 1624 1424 ἐπὶ
1666 1359 1875 1426 πᾶσιν
1924 1359 2244 1443 καθίστη,
2296 1361 2409 1426 καὶ
2462 1353 2571 1425 διὰ
2613 1347 2907 1428 πάντων
2942 1382 3075 1443 χω-

455 1457 710 1538 ροῦντα
782 1459 896 1524 καὶ
954 1471 1104 1536 τοῖς
1163 1457 1372 1524 πᾶσιν
1429 1456 1931 1524 ἐπιστατοῦντα
1990 1458 2102 1524 καὶ
2163 1453 2286 1537 τὰς
2346 1457 2417 1538 ἐξ
2488 1454 2701 1526 αὐτοῦ
2755 1461 3075 1545 χορηγίας

349 1563 421 1618 10
455 1547 860 1642 ἐπάρδοντα.
942 1547 1237 1624 πάντων
1278 1550 1406 1640 γάρ
1447 1547 1728 1640 ἀθρόως
1771 1560 1921 1624 τῶν
1965 1581 2039 1623 τε
2083 1549 2232 1623 κατ’
2279 1548 2578 1640 ούρανὸν
2618 1558 2732 1624 καὶ
2775 1561 2925 1625 τῶν
2964 1559 3075 1624 ἐπὶ

455 1655 574 1739 γῆς
625 1657 918 1741 ποιμένα
975 1659 1087 1722 καὶ
1147 1657 1426 1740 σωτῆρα
1456 1648 1820 1772 κηδεμόνα
1883 1681 1957 1723 τε
2019 1659 2129 1724 καὶ
2194 1649 2466 1739 φύλακα
2516 1659 2628 1722 καὶ
2680 1651 2921 1740 ἰατρὸν
2962 1662 3074 1724 καὶ

453 1749 874 1872 κυβερνήτην
914 1747 1136 1840 μόνον
1179 1746 1396 1823 αύτόν
1438 1745 1477 1821 6
1522 1749 1851 1842 γεννήσας
1895 1747 2230 1838 ἀνέδειξεν
2257 1749 2507 1842 πατήρ,
2554 1758 2677 1841 τῆς
2707 1760 2855 1824 τῶν
2884 1745 3073 1824 ολων

453 1847 838 1934 συστάσεως
881 1879 958 1921 τε
999 1857 1113 1921 καὶ
1155 1849 1554 1940 διοικήσεως
1594 1847 1788 1942 μόνῳ
1829 1851 1993 1934 τοῦς
2023 1855 2257 1933 οἴακας
2286 1855 2665 1942 ἐγχειρίσας,
2714 1845 2752 1924 6
2781 1849 3077 1924 διδάσκει

454 1955 676 2039 λέγων
721 1947 927 2033 αύτὸς
977 1947 1240 2024 »πάντα
1279 1978 1398 2040 μοι
1439 1948 1794 2041 παρεδόθη
1837 1947 1987 2022 ύπὸ
2020 1957 2148 2024 τοῦ
2188 1947 2453 2040 πατρός
2492 1979 2660 2040 μουι
2711 1958 2822 2022 καὶ
2877 1943 3076 2036 αὖθις

348 2063 416 2117 15
459 2044 534 2122 »6
577 2047 702 2138 γάρ
744 2050 972 2141 πατὴρ
1017 2060 1204 2138 φιλεῖ
1238 2050 1372 2123 τὸν
1411 2047 1582 2135 υἱόν,
1625 2056 1738 2121 καί
1779 2049 2010 2122 πάντα
2055 2056 2351 2122 δέδωκεν
2380 2053 2455 2122 ἐν
2484 2057 2573 2138 τῇ
2600 2061 2769 2140 χειρὶ
2798 2047 3074 2122 αύτοῦι.

453 2143 492 2220 6
535 2145 602 2221 δ’
649 2147 761 2222 οἶα
812 2147 1027 2238 σοφὸς
1085 2147 1498 2242 κυβερνήτης
1549 2147 1679 2221 τὸν
1727 2155 1988 2240 κλῆρον
2040 2149 2224 2238 παρὰ
2283 2155 2411 2220 τοῦ
2452 2149 2713 2237 πατρὸς
2758 2155 2869 2224 53⁸
2908 2147 3072 2223 ύπο-

453 2253 859 2339 δεδεγμένος,
901 2249 1138 2334 ἐπιβὰς
1181 2254 1310 2322 τοῦ
1351 2248 1744 2339 σύμπαντος
1792 2246 2050 2340 κόσμου
2110 2247 2260 2320 άνω
2322 2276 2401 2319 τε
2458 2246 2632 2338 πρὸς
2686 2249 2815 2321 τὸν
2860 2245 3073 2321 αὐτοῦ

450 2353 712 2440 πατέρα
753 2355 1046 2434 βλέπων,
1091 2347 1234 2438 ἄγει
1273 2356 1385 2420 καὶ
1425 2355 1616 2441 φέρει
1643 2355 2131 2440 πηδαλιουχῶν
2173 2347 2254 2420 τὸ
2298 2355 2457 2432 πᾶν,
2505 2344 2660 2420 οῦδὲ
2690 2347 2773 2420 τὸ
2804 2345 3071 2438 σμικρό-

452 2475 672 2520 τατον
731 2455 881 2522 τῶν
941 2453 1282 2539 δεομένων
1340 2455 1464 2539 τῆς
1523 2453 1594 2536 ἐξ
1647 2445 1861 2521 αὐτοῦ
1906 2455 2227 2539 χορηγίας
2276 2455 2613 2536 παρορῶν
2668 2444 2817 2520 οὐδ’
2873 2444 3072 2534 ύπερ-

335 2565 409 2619 20
451 2555 740 2635 φρονῶν
783 2555 932 2620 τῶν
970 2544 1440 2638 βραχυτάτων·
1529 2546 1637 2619 διὸ
1696 2547 1779 2638 δὴ
1839 2567 1987 2633 τοῖς
2030 2555 2239 2620 πᾶσιν
2282 2543 2746 2636 ἐπιπάρεστιν,
2806 2545 3069 2637 ἑκάστῳ

445 2653 670 2735 νέμων
724 2645 811 2719 τὰ
868 2643 1410 2738 πρόσφορα,τῇ
1470 2677 1546 2720 τε
1607 2655 1755 2720 τῶν
1816 2645 2007 2722 ὅλων
2058 2655 2392 2739 θεραπείᾳ
2444 2653 2643 2735 δίκην
2695 2652 2938 2736 ἰατροῦ
2980 2647 3071 2718 τὰ

444 2741 730 2838 άρμόδια
792 2745 967 2837 πρὸς
1025 2755 1376 2838 σωτηρίαν
1436 2753 1773 2835 ἐπαρκῶν.
1888 2741 2058 2822 ὅθεν
2128 2742 2417 2833 εἰκότως
2487 2743 2645 2819 οὐδὲ
2704 2753 2835 2821 τοῦ
2890 2746 3069 2819 κατὰ

445 2845 830 2935 ανθρωπον
887 2844 1438 2939 ὑπερεφρόνησεν
1496 2856 1669 2935 βίου,
1741 2846 1917 2921 ἀλλά
1978 2855 2090 2919 καὶ
2158 2846 2371 2920 πάλαι
2406 2845 2753 2937 πρότερον
2806 2864 2954 2930 τοῖς
2996 2848 3069 2935 ἐξ

445 2951 700 3031 αἰῶνος
743 2954 1098 3035 φιλοθέοις
1140 2944 1464 3038 ἀνδράσιν
1524 2950 1655 3038 τὴν
1698 2952 1769 3035 ἐξ
1811 2944 2029 3020 αὐτοῦ
2070 2966 2387 3037 παρεῖχεν
2438 2951 2863 3034 ἐπικουρίαν,
2931 2938 3065 3018 ωδε

337 3064 406 3117 20
443 3055 566 3137 μὲν
608 3051 748 3137 <ἐν>
789 3045 1206 3140 ἀνθρωπείῳ
1267 3046 1556 3140 σχήματι
1613 3066 1760 3131 τοῖς
1801 3043 2127 3138 Ἑβραίων
2176 3044 2656 3138 προπάτορσιν
2712 3043 3065 3133 ἐπιφαινό-

442 3174 646 3233 μενος
690 3140 824 3221 ῶδε
869 3153 942 3219 δὲ
984 3165 1130 3231 τοῖς
1179 3146 1458 3221 τούτων
1510 3144 1881 3238 ἀπογόνοις
1940 3142 2301 3236 άρμοδίους
2364 3140 2893 3234 διαταττόμενος
2954 3142 3067 3217 νό-

443 3274 637 3336 μους,
698 3242 828 3337 ἧδη
889 3252 960 3318 δὲ
1019 3255 1131 3318 καὶ
1194 3264 1342 3331 τοῖς
1398 3254 1761 3338 μετέπειτα
1819 3243 1933 3318 διά
1995 3251 2385 3335 προφητῶν
2434 3242 2809 3335 μελλούσης
2851 3242 3067 3319 αὐτοῦ

443 3354 858 3434 θεοφανείας
901 3340 1152 3418 ἅπασιν
1191 3345 1563 3435 ἐκλάμψειν
1613 3343 2017 3475 ἀνθρώποις
2082 3348 2378 3433 ἐξεδίδου
2435 3350 2879 3435 θεσπίσματα.
2968 3342 3065 3428 ῶς

447 3452 517 3517 δὲ
561 3442 600 3517 6
653 3442 928 3517 τούτων
977 3444 1368 3537 παρήλαυνε
1420 3442 1693 3536 χρόνος,
1757 3448 1979 3535 ε’ργοις
2038 3441 2339 3535 ἐπλήρου
2380 3452 2697 3515 παλαιῶν
2747 3452 3067 3535 χρησμῶν

339 3562 412 3617 30
446 3542 988 3636 ἀποτελέσματα,
1040 3554 1154 3617 καὶ
1197 3547 1278 3637 δὴ
1322 3552 1551 3636 παρῆν
1597 3544 1847 3619 λοιπὸν
1891 3542 2136 3633 ἀναμὶξ
2188 3551 2291 3635 τῷ
2337 3549 2581 3632 θνητῷ
2626 3550 2754 3633 βίῳ
2798 3570 3067 3633 συναγε-

447 3641 838 3734 λαζόμενος,
901 3641 1110 3728 αύτός
1150 3674 1226 3717 τε
1267 3638 1357 3735 ἦν
1401 3641 1439 3718 6
1486 3652 1614 3717 τοῦ
1656 3651 1826 3717 θεοῦ
1867 3641 2240 3733 μονογενὴς
2284 3640 2426 3725 υίὸς
2472 3640 2569 3725 ῶς
2612 3646 2687 3713 ἐν
2730 3637 3066 3735 ἀγάλματι

445 3752 640 3835 θείῳ,
686 3750 788 3833 τῶ
832 3749 961 3816 τοῦ
1003 3744 1317 3835 σώματος
1359 3740 1648 3835 ὀργάνῳ,
1697 3751 1797 3836 τῷ
1829 3750 1979 3816 τῶν
2012 3740 2416 3831 ἀνθρώπων
2444 3748 2848 3832 καθομιλῶν
2891 3748 3067 3832 γένει

445 3816 927 3929 διδασκαλίαις,
989 3852 1410 3933 θεραπείαις,
1471 3848 1720 3917 ἐνθέου
1771 3852 2016 3929 σοφίας
2070 3838 2487 3932 ἀπορρήτοις
2529 3840 2986 3932 παιδεύμασιν.
3053 3850 3059 3930 1

447 3938 576 4034 ἤδη
639 3950 710 4015 δὲ
770 3939 1005 4016 αύτῶν
1061 3950 1252 4034 μέχρι
1309 3940 1624 4016 θανάτου
1681 3950 1925 4015 πυλῶν
1985 3938 2277 4032 ἤλαυνεν
2335 3946 2673 4028 πατρικοῦ
2734 3940 3064 4031 νεύματος

341 4060 412 4114 35
445 4039 952 4131 ύπερβαλλούσῃ
998 4051 1520 4134 φιλανθρωπίᾳ,
1573 4039 1670 4127 ῶς
1715 4038 1800 4114 ἂν
1841 4048 1955 4112 καὶ
1998 4042 2161 4125 τοὺς
2205 4047 2365 4131 τῇδε
2410 4047 2531 4130 τῆς
2574 4040 2823 4114 ἑαυτοῦ
2863 4070 3065 4114 κατα-

447 4144 752 4230 ξιῶσειεν
793 4139 1090 4233 χάριτος,
1135 4148 1246 4214 ἐπὶ
1290 4143 1419 4233 τὴν
1460 4138 1619 4230 παρ’
1666 4137 1855 4232 αύτῷ
1911 4140 2097 4230 ζωὴν
2151 4137 2537 4223 ἀνελκύσας.
2625 4136 2812 4211 οὕτω
2861 4138 3063 4222 »θεὸς

615 4312 693 4369 14
725 4312 924 4367 Matth.
963 4314 1043 4381 11,
1079 4312 1163 4367 27.
1220 4312 1359 4367 Luk.
1398 4312 1567 4378 10,ae
1600 4340 1666 4351 --
1707 4310 1780 4367 15
1817 4312 1942 4367 Joh.
1979 4312 2028 4374 3,
2047 4314 2115 4370 35
2150 4339 2212 4351 —·
2258 4310 2376 4366 171
2407 4311 2517 4381 vgl.
2540 4309 2734 4367 Euseb.
2756 4311 2797 4378 Ι,
2825 4311 2943 4379 231,
2963 4310 3069 4366 26f

443 4444 510 4453 —
547 4414 620 4469 m
655 4414 706 4469 11
741 4414 871 4469 Kor.
907 4414 956 4481 5,
994 4415 1059 4470 19

617 4564 694 4620 25
730 4560 794 4621 ἐν
829 4562 936 4619 We
997 4566 1008 4633 Ι
1073 4565 1147 4621 27
1205 4564 1536 4636 προφητῶν]
1585 4572 1649 4629 -ἧ-
1697 4570 1796 4633 τῆς
1831 4562 1939 4617 We
2000 4564 2010 4631 Ι
2074 4562 2150 4619 29
2204 4563 2535 4635 παρήλαυνε
2570 4564 2665 4619 Mo
2700 4564 3063 4635 προσήλαυνε

445 4666 495 4719 V
559 4666 570 4734 1
635 4666 716 4723 8⁰
749 4670 940 4739 παρῆν
978 4666 1064 4722 Ga
1097 4666 1303 4739 παρείη
1341 4666 1391 4720 V
1455 4667 1464 4733 Ι
1530 4665 1608 4720 84
1643 4661 1924 4734 θανάτου]
1962 4656 2105 4741 ᾅδου
2140 4678 2224 4718 mr
2270 4670 2333 4731 -Ι-
2371 4664 2529 4719 τῶνῖ
2565 4664 2717 4719 Zahn

3143 1559 3177 1611 2

3134 3854 3298 3925 6175
