3694 5582
1314 510 1510 562 contra
1541 507 1869 562 Max-uellam
1904 507 1958 560 11
1994 511 2041 561 1.
2078 508 2125 562 2.
2949 514 3027 576 35

293 656 298 681 ¹
361 672 400 716 '⁶¹
440 661 463 718 '¹‘
540 673 686 758 (Nn.
716 676 822 756 42)
867 665 1118 741 ούκοῦν
1168 668 1306 760 πρὸ
1365 675 1488 756 μὲν
1551 676 1676 742 τοῦ
1733 680 2099 742 κατελθεῖν
2158 676 2268 742 καὶ
2331 668 2441 741 διὰ
2502 675 2623 758 τῆς
2682 674 3033 755 παρθένου

537 775 866 858 τεχθῆναι
909 765 1112 858 λόγος
1157 761 1242 859 ἦν
1270 764 1504 859 μόνον.
1575 773 1717 840 ἐπεὶ
1747 777 1816 840 τί
1862 769 2094 858 ἕτερον
2139 761 2225 892 ήν
2267 769 2404 859 πρὸ
2452 776 2575 840 τοῦ
2603 768 2735 858 τὴν
2764 765 3029 856 ἅνθρω-

535 876 744 958 πίνην
774 866 1134 954 ἀναλαβεῖν
1174 866 1390 956 σάρκα
1432 867 1523 940 τὸ
1568 868 1977 941 κατελθὸν
2025 865 2189 940 »ἐπ’
2237 866 2601 957 ἐσχάτων
2646 876 2810 940 τῶν
2852 864 3029 957 ἦμε-

536 976 780 1059 (mave,
852 999 948 1050 ως
1017 977 1128 1040 καὶ
1201 965 1409 1051 αὐτὸς
1468 975 1824 1058 γέγραφεν,
1889 975 2018 1040 καὶ
2082 967 2219 1056 [τὸ]
2282 974 2684 1060 γεννηθὲν
2744 973 2827 1039 ἐκ
2888 973 3031 1056 τῆς

339 1081 374 1134 5
535 1075 979 1158 παρθένου,·
1023 1066 1220 1140 οὐδὲν
1265 1071 1502 1158 ’ἕτερον
1543 1059 1631 1157 ἦν
1673 1095 1713 1158 η
1758 1064 1979 1157 λόγος.

409 1167 559 1239 εἶτα
613 1170 884 1257 προῑιὸν
941 1169 1090 1261 ἑξῆς
1148 1167 1368 1242 ἀίδιον
1425 1164 1642 1239 αύτὸν
1699 1174 1905 1257 λέγει,
1970 1165 2307 1258 ἀγένητον
2367 1165 2581 1240 αύτὸν
2625 1160 2850 1251 οὕτως
2894 1162 3029 1255 ὁρι-
3094 1175 3129 1232 2

409 1265 704 1357 ζόμενος.
787 1266 1028 1357 γράφει
1070 1275 1143 1341 δὲ
1185 1298 1409 1352 ουτως

121 1417 148 1445 ,7
233 1377 296 1427 2?
341 1363 372 1414 s
400 1350 434 1415 Ὗ
537 1371 674 1454 (Nr.
717 1375 822 1456 48)
885 1365 1150 1453 ἀκούεις
1210 1377 1450 1443 τοίνυν
1517 1374 1642 1458 τῆς
1710 1377 2106 1457 συμφωνίας
2174 1374 2302 1440 τοῦ
2362 1363 2557 1457 ἁγίου
2616 1365 3027 1455 πνεύματος,

535 1466 646 1539 διὰ
688 1474 981 1540 πολλῶν
1021 1476 1134 1539 καὶ
1178 1465 1536 1559 διαφόρων
1563 1467 1965 1558 προσώπων
2010 1477 2095 1557 τῇ
2140 1474 2267 1540 τοῦ
2311 1464 2523 1556 λόγου
2562 1465 3027 1558 μαρτυρούσης

303 1577 375 1632 10
533 1564 897 1656 άιδιότητι;
972 1577 1083 1638 καὶ
1145 1567 1256 1640 διὰ
1313 1575 1526 1640 τοῦτο
1583 1596 1861 1658 αρχεται
1914 1574 2039 1658 μὲν
2096 1562 2233 1640 άπὸ
2292 1573 2417 1657 τῆς
2469 1563 2857 1655 ἀιδιότητος
2900 1572 3028 1638 τοῦ
3091 1579 3127 1634 3

537 1664 768 1755 λόγου·
845 1670 956 1740 »ἐν
999 1662 1169 1756 άρχῇ
1213 1659 1300 1757 ἦν
1344 1663 1381 1739 6
1426 1664 1665 1756 λόγοςε
1740 1673 1959 1757 λέγων
2025 1673 2169 1740 »καὶ
2223 1662 2264 1738 6
2303 1662 2509 1756 λόγος
2552 1657 2640 1754 ἦν
2682 1664 2853 1755 πρὸς
2898 1664 3027 1737 τὸν

534 1763 726 1852 θεόν,
777 1773 889 1838 καὶ
933 1766 1098 1850 θεὸς
1140 1759 1229 1857 ἦν
1272 1761 1311 1838 6
1354 1764 1616 1856 λόγοςι.
1701 1774 1921 1856 τρισὶν
1970 1764 2380 1858 ἐπαλλήλοις
2422 1772 2815 1856 μαρτυρίαις
2854 1763 3025 1853 χρώ-

532 1893 735 1954 μενος
778 1867 910 1957 τὴν
954 1863 1310 1957 αιδιότητα
1353 1873 1478 1938 τοῦ
1519 1864 1729 1955 λόγου
1772 1865 2111 1938 δεικνύναι
2152 1864 2485 1954 βούλεται.

409 1973 524 2037 καὶ
566 1963 718 2056 μεθ’
763 1966 960 2055 ἕτερα
1003 1971 1290 2056 ἐπιλέγει

302 2075 372 2128 15
537 2068 676 2184 (uNr.
706 2076 786 2139 43
813 2100 909 2186 ²²2ae
926 2072 1030 2153 81)
1073 2064 1417 2156 πρότερον
1469 2063 1614 2154 γάρ,
1661 2062 1890 2155 ὥσπερ
1933 2062 2266 2148 πολλάκις
2310 2067 2503 2155 ἔφην,
2548 2060 2748 2136 οὐδὲν
2795 2065 3031 2154 ἕτερον

537 2192 578 2253 η
626 2161 830 2253 λόγος
873 2193 976 2255 ην·

409 2269 521 2335 καὶ
551 2272 1027 2354 προστίθησιν,
1059 2259 1171 2336 ὅτι
1202 2261 1358 2336 οὐδὲ
1392 2256 1732 2338 »εἰκωνις
1697 2294 1784 2354 ην
1808 2270 1971 2336 »τοῦ
1999 2268 2171 2335 θεοῦ
2200 2269 2327 2335 τοῦ
2356 2259 2720 2350 αοράτουι,
2743 2260 3032 2349 φάσκων
3094 2277 3129 2330 4

539 2367 677 2450 (Nr.
709 2371 812 2451 82)
875 2359 1126 2436 ούκοῦν
1183 2360 1562 2454 πρόδηλον,
1626 2357 1736 2437 ὅτι
1796 2363 1931 2453 πρὸ
1993 2369 2117 2452 τῆς
2168 2368 2295 2433 τοῦ
2347 2357 2686 2485 ἡμετέρου
2718 2361 3032 2451 σωματος

538 2458 948 2552 ἀναλήψεως
991 2457 1028 2534 6
1074 2461 1276 2552 λόγος
1317 2460 1476 2536 καθ’
1507 2462 1755 2536 ἑαυτὸν
1796 2460 1923 2535 ούκ
1964 2453 2055 2552 ἦν
2096 2463 2302 2535 εἰκῶν
2344 2468 2473 2535 τοῦ
2516 2458 2817 2550 ἀοράτου
2846 2467 3031 2535 θεοῦ.

299 2571 376 2625 20
412 2570 520 2634 καὶ
569 2555 768 2644 αὖθις
809 2559 963 2650 μεθ’
1011 2560 1203 2650 ἕτερα
1245 2566 1550 2653 ἐπιφέρει

542 2665 678 2748 (Nr.
709 2667 814 2748 49)
847 2669 915 2732 τί
945 2665 1248 2734 τοίνυν’
1215 2691 1300 2752 ην
1330 2661 1422 2733 τὸ
1451 2659 1862 2734 κατελθὸν
1906 2667 2119 2735 τοῦτο
2150 2660 2285 2748 πρὸ
2317 2667 2447 2733 τοῦ
2476 2665 3035 2751 ἐνανθρωπῆσαις

504 2759 824 2845 πάντως
853 2759 993 2835 πού
1037 2784 1268 2853 φησιν·
1327 2769 1604 2853 πνεῦμα.
1677 2767 1735 2834 εἰ
1761 2759 1891 2853 γάρ
1936 2791 2003 2834 τι
2034 2760 2217 2849 παρὰ
2262 2767 2475 2834 τοῦτο
2520 2765 2753 2835 ἐθέλοι
2795 2765 3034 2852 λέγειν,

539 2858 621 2933 ού
689 2858 1103 2951 συγχωρήσει
1175 2859 1366 2953 αύτῷ
1436 2858 1474 2935 6
1545 2861 1716 2951 πρὸς
1787 2861 1918 2951 τὴν
1977 2868 2335 2952 παρθένον
2396 2862 2684 2950 εἰρηκώς
2754 2860 3035 2951 ἄγγελος

543 2968 844 3051 »πνεῦμα
883 2954 1102 3080 ,ἅγιον
1162 2960 1591 3035 ἐπελεύσεται
1633 2966 1743 3035 ἐπί
1803 2985 1931 3033 σει.
2017 2966 2077 3082 εεί
2140 2966 2211 3031 δὲ
2273 2968 2537 3051 πνεῦμα
2580 2961 2753 3033 εἶναι
2818 2958 3035 3049 φήσει,

297 3073 378 3127 25
539 3059 746 3133 ἄκουε
788 3068 914 3133 τοῦ
957 3068 1269 3152 σωτῆρος
1311 3068 1635 3151 λέγοντος
1683 3068 1979 3151 »πνεῦμα
2024 3055 2062 3131 6
2107 3057 2329 3144 θεόςι.

413 3168 652 3247 σαφῶς
682 3163 1006 3232 ἐντεῦθεν
1034 3166 1163 3232 τοῦ
1191 3167 1500 3251 σωτῆρος
1537 3166 1548 3251 Ι
1583 3167 1737 3249 περὶ
1781 3168 1909 3233 τοῦ
1952 3159 2214 3250 πατρὸς
2244 3157 2597 3251 εἰρηκότος
2646 3165 2943 3251 »πνεῦμα
2988 3154 3027 3231 6
3099 3184 3132 3237 5
3160 3180 3174 3252 Ι
3204 3180 3288 3241 86

412 3257 636 3344 θεόςι,
667 3264 1000 3349 ἐλέγχεται
1031 3255 1430 3350 Μάρκελλος
1458 3256 1672 3332 αύτὸν
1701 3258 1830 3333 τὸν
1859 3265 2123 3349 πατέρα
2152 3264 2765 3350 ἐνηνθρωπηκέναι
2794 3260 3027 3332 εἰπών.

411 3352 450 3430 6
497 3354 564 3431 ‹5'
609 3358 712 3431 ἔτι
751 3366 1018 3449 μᾶλλον
1063 3369 1535 3448 φιλοτιμεῖται,
1580 3356 1867 3450 γράφων
1910 3350 2047 3431 ωδε

388 3446 676 3545 1-51Nr.
707 3466 812 3545 39)
840 3466 951 3529 καὶ
987 3464 1404 3548 μανθανέτω
1447 3466 1688 3530 τοίνυν
1730 3466 1899 3532 θεοῦ
1942 3456 2153 3548 λόγον
2182 3463 2606 3549 ἐληλυθέναι,
2654 3454 2737 3531 ού
2778 3454 3029 3547 λόγον

291 3476 434 3624 3⁰¹-
535 3582 1200 3648 καταχρηστικως
1253 3554 1845 3649 ὀνομασθέντα,
1910 3556 2005 3641 αἶς
2050 3554 2245 3630 αύτοί
2310 3581 2541 3645 φασιν,
2604 3553 2755 3630 αλλ’
2800 3554 3025 3648 ἀληθῆ

537 3650 709 3729 ὄντα
752 3653 980 3746 λόγον.

407 3764 521 3827 καὶ
565 3749 765 3839 αὖθις
805 3761 1263 3847 προστίθησιν
1307 3762 1523 3829 ταῦτα
1565 3776 1711 3840 τοῖς
1752 3762 2129 3848 εἰρημένοις
3092 3770 3127 3825 6

538 3860 674 3940 (Nr.
704 3862 810 3942 62)
855 3861 912 3927 εἰ
952 3862 1078 3945 μὲν
1121 3856 1246 3946 γὰρ
1287 3853 1329 3946 ἦ
1375 3863 1503 3929 τοῦ
1543 3855 1930 3947 πνεύματος
1972 3860 2267 3944 ἐξέτασις
2325 3864 2629 3946 γίγνοιτο
2690 3854 2891 3948 μόνη,
2953 3859 3027 3928 ἓν

535 3961 650 4025 καὶ
692 3950 951 4027 ταύτὸν
993 3952 1280 4037 εἰκότως
1321 3958 1490 4028 εἶναι
1539 3964 1642 4047 τῷ
1691 3964 1839 4047 θεῷ
1890 3964 2237 4043 φαίνοιτο·
2299 3961 2357 4027 εἰ
2400 3962 2471 4027 δὲ
2515 3951 2556 4046 ἦ
2598 3955 2773 4029 κατὰ
2813 3955 3027 4046 σάρκα

291 4066 372 4121 35
535 4051 900 4143 προσθήκη
945 4057 1055 4125 ἐπὶ
1099 4061 1227 4126 τοῦ
1269 4061 1579 4145 σωτῆρος
1622 4054 2035 4143 ἐξετάζοιτο,
2098 4060 2393 4147 ἐνεργείᾳ
2456 4051 2497 4144 ἧ
2555 4054 2809 4147 θεότης
2847 4054 3025 4145 μόνη

534 4150 1007 4225 πλατύνεσθαι
1051 4160 1258 4226 δοκεῖ·
1333 4153 1510 4227 ὥστε
1551 4152 1836 4239 εἰκότως
1878 4154 2091 4245 μονὰς
2137 4148 2363 4238 ὄντως
2404 4158 2589 4226 ἐστὶν
2634 4152 3023 4244 ἀδιαίρετος.

584 4321 622 4377 8
657 4321 1024 4387 Hebr.1‚2—
1049 4326 1120 4380 11
1161 4325 1405 4393 Joh.1‚1
1439 4354 1508 4364 —
1545 4326 1616 4381 1¹2
1659 4324 1853 4393 K01.1,
1876 4328 2028 4380 15—
2051 4324 2126 4380 24
2162 4325 2300 4380 Luk.
2324 4329 2370 4392 1,
2388 4326 2455 4380 35
2490 4356 2557 4365 —
2594 4324 2718 4381 251
2745 4325 3025 4391 Joh.4,24

585 4473 622 4528 4
667 4470 734 4529 τὸ
771 4482 837 4532 <
871 4474 996 4528 and.
1032 4473 1109 4529 St.
1163 4476 1172 4543 Ι
1225 4476 1264 4533 5
1311 4466 1380 4547 ἦν
1413 4473 1450 4545 ἢ
1483 4476 1610 4531 and.
1646 4477 1724 4531 Siz-
1759 4473 1796 4545 ἦ
1841 4472 1875 4530 ὁ
1912 4476 1961 4529 V
2017 4476 2027 4543 Ι
2080 4475 2311 4532 10-18
2360 4477 2460 4531 καὶ
2501 4504 2567 4515 --
2618 4473 2887 4547 βούλεται
2941 4475 3025 4531 ala

403 4571 696 4628 Eusebius'
733 4572 928 4631 Worte
961 4593 1076 4646 mg
1126 4578 1138 4645 1
1189 4575 1270 4632 24
1323 4593 1458 4647 φησι
1505 4575 1631 4631 and.
1677 4576 1754 4631 St„
1807 4578 1818 4646 Ι
1873 4577 1950 4633 26
2002 4579 2039 4631 1.
2093 4574 2383 4635 ἐνταῦθα’.>
2436 4578 2445 4645 Ι
2500 4576 2579 4633 80
2632 4573 2863 4645 ἀληθῶς
2894 4594 2951 4630 m
3012 4576 3021 4646 Ι

404 4674 490 4732 34
527 4671 782 4745 εἰκότως]
819 4682 886 4741 4-
920 4670 992 4732 ἂν
1029 4674 1062 4731 ὁ
1097 4676 1272 4747 λόγος
1307 4677 1432 4731 and.
1470 4678 1546 4732 St.
1599 4680 1610 4747 Ι
1659 4678 1693 4749 ἡ
1730 4679 1808 4733 V²
1839 4674 1897 4735 εἰ
1909 4678 1940 4735 ⁸?
1977 4680 2059 4735 V*
2560 4762 2633 4817 3*
