3694 5582
1113 502 1182 555 de.
1215 501 1588 558 ecclesiastiea.
1619 503 1907 573 theologia
1938 505 1965 557 1
2001 504 2082 558 16.
2118 505 2200 558 17.
2887 516 2965 575 77

353 669 616 736 εἰδέναι·
661 658 772 738 ὅτι
817 671 888 736 δὲ
907 663 1020 786 afu)
1064 671 1176 737 καὶ
1219 663 1373 736 υἱὸν
1433 673 1559 737 τοῦ
1601 671 1772 738 θεοῦ
1825 674 2057 753 ζῶντα
2109 673 2221 738 καὶ
2264 664 2630 754 υφεστῶτα
2675 660 2845 739 ὄντα
2890 698 2965 740 τε

349 771 457 834 καὶ
501 763 838 886 ξροόντα
857 769 978 855 τῆς
1007 765 1253 853 σαρκὸς
1285 761 1641 885 maa-2676,
1687 764 1944 855 ταύτης
1976 767 2169 838 ἕνεκα
2198 773 2321 857 τῆς
2350 764 2527 855 πρὸς
2556 765 2966 857 Μάρκελλον

349 872 740 952 συμφωνίας
799 859 1056 954 ὁμοίως
1115 863 1306 955 αὐτῷ
1369 872 1492 954 τῆς
1545 872 1671 936 τοῦ
1723 872 1891 937 θεοῦ
1950 870 2300 955 ἐκκλησίας
2359 863 2606 956 ἠλάθη.
2689 875 2843 950 πῶς
2895 875 2968 938 δὲ

351 961 433 1032 τὰ
476 967 586 1035 ἰ’σα
616 961 1019 1053 Μάρκελλος
1064 973 1168 1055 τῷ
1212 973 1560 1055 Σαβελλίῳ
1606 962 1899 1054 ἐφρόνει,
1947 973 2154 1056 δῆλος
2199 965 2283 1040 ἂν
2328 971 2428 1055 εἴη
2474 971 2545 1053 ἐξ
2590 995 2693 1038 ων
2736 969 2813 1036 ἓν
2854 973 2966 1040 καὶ

286 1079 316 1131 5
350 1059 605 1134 ταύτὸν
647 1065 821 1136 εἶναι
863 1063 994 1135 τὸν
1035 1064 1211 1136 θεὸν
1251 1073 1364 1137 καὶ
1407 1063 1538 1136 τὸν
1581 1062 1796 1138 αὐτοῦ
1839 1062 2052 1155 λόγον
2106 1072 2551 1150 διεστείλατο,
2611 1073 2785 1137 ποτὲ
2845 1073 2967 1156 μὲν

339 1157 580 1287 Ιαυτοτς
623 1161 912 1253 ῥήμασιν
955 1164 1172 1236 είπών

3036 784 3065 836 7

200 1281 232 1322 Ἴ
257 1277 292 1321 ³²
337 1302 347 1315 ⁸
415 1281 424 1309 ¹
469 1272 496 1304 s
528 1269 563 1344 Ι
617 1268 696 1336 17
759 1267 898 1349 (NR
941 1269 1048 1352 62)
1108 1269 1168 1334 εἰ
1226 1269 1351 1354 μὲν
1402 1262 1530 1353 γὰρ
1592 1261 1634 1354 ἦ
1686 1271 1813 1335 τοῦ
1862 1264 2249 1354 πνεύματος
2304 1271 2599 1353 ἐξέτασις
2660 1273 2963 1355 γίγνοιτο
3004 1285 3081 1340 79
3182 1280 3339 1351 ὅπως

467 1388 664 1450 μθνη
709 1365 784 1432 ἓν
826 1369 940 1434 καὶ
984 1360 1244 1437 ταῦτόν
1287 1361 1652 1446 εἰκότως”
1615 1395 1700 1437 αν
1746 1360 1785 1437 6
1831 1361 2033 1452 λόγος
2078 1367 2249 1436 εἶναι
2291 1373 2393 1456 τῷ
2425 1373 2571 1455 θεῷ
2618 1375 2964 1452 φαίνοιτο·
3056 1352 3285 1438 ἦρ”ἓῖῑθ

3000 1425 3185 1490 mcv?
3263 1427 3334 1491 τῆ

344 1463 514 1532 ποτὲ
560 1464 633 1530 δὲ
673 1461 1142 1550 παραβάλλων
1196 1471 1299 1553 τῷ
1354 1460 1772 1554 ἀνθρωπείῳ
1824 1461 2011 1555 λόγῳ
2072 1463 2202 1536 τὸν
2258 1471 2385 1537 τοῦ
2445 1472 2615 1536 θεοῦ
2673 1473 2785 1536 καὶ
2828 1470 2965 1536 ἐπι·
3000 1491 3331 1574 κεφαλῇτὴν

253 1575 312 1628 10
344 1565 568 1648 λέγων

466 1664 610 1746 (Nr.
656 1667 761 1748 55)
825 1663 899 1732 ἓν
951 1670 1060 1732 καὶ
1115 1659 1375 1736 ταυτὸν
1420 1666 1590 1735 εἶναι
1634 1671 1736 1754 τῷ
1791 1661 2148 1754 ἇνθρωπῳ
2192 1662 2323 1735 τὸν
2364 1670 2439 1736 ἐν
2500 1661 2687 1754 αῦτῷ
2734 1660 2963 1752 λόγον,

463 1756 690 1832 οὐδενὶ
733 1757 1200 1853 χωριζόμενον
1243 1764 1456 1853 ἑτέρῳ
1501 1759 1544 1852 ἢ
1587 1760 1762 1885 μόνη
1799 1772 1895 1854 τῇ
1938 1771 2061 1855 τῆς
2100 1761 2412 1855 πράξεως
2455 1768 2769 1857 ἐνεργείᾳ.

345 1854 580 1946 διόπερ
623 1865 796 1931 ποτὲ
836 1867 961 1950 μὲν
1015 1859 1430 1950 ἀπεφαίνετο
1483 1863 1619 1952 πρὸ
1665 1870 1788 1952 τῆς
1843 1870 1969 1936 τοῦ
2018 1861 2274 1952 κόσμου
2325 1861 2709 1947 συστάσεως
2758 1869 2964 1954 μηδεν

346 1960 582 2049 ἕτερον
627 1959 798 2031 εἶναι
841 1963 1028 2052 πλὴν
1070 1969 1257 2046 θεοῦ,
1299 1969 1414 2034 καὶ
1455 1961 1666 2035 πάλιν
1707 1961 1939 2046 αὐτοῖς
1982 1960 2268 2052 ρὴμασιν
2310 1967 2535 2051 έλεγεν
2580 1957 2688 2035 ὅτι

249 2071 306 2125 15
458 2063 605 2145 (Nr.
649 2067 754 2148 93)
798 2059 1007 2151 μήπω
1050 2069 1179 2133 τοῦ
1220 2061 1480 2152 κόσμου
1526 2061 1887 2152 γεγονότος
1930 2059 2126 2134 οῦδὲν
2172 2065 2407 2153 ἕτερον
2451 2056 2537 2152 ἦν
2579 2063 2765 2154 πλὴν
2793 2070 2963 2135 θεοῦ
3016 2127 3020 2132 .

452 2155 700 2246 μόνου·

2999 1551 3316 1613 ὑπόστασιν

3024 1631 3127 1679 τοῦ
3166 1621 3309 1679 υιοῦ.

336 2266 506 2331 ποτὲ
554 2266 628 2331 δὲ
671 2268 773 2350 τῷ
819 2257 1126 2352 ἡμετέρῳ
1174 2269 1567 2352 σημαντικῷ
1612 2258 1802 2351 λόγῳ
1846 2262 1973 2332 τὸν
2018 2267 2145 2333 τοῦ
2188 2267 2359 2333 θεοῦ
2399 2267 2839 2350 παρέβαλλεν,
2885 2265 2960 2332 ἐν
3026 2285 3059 2340 2

338 2357 436 2442 οἷς
479 2351 696 2430 node*
663 2388 958 2450 εγραφεν

459 2463 601 2544 (Nr.
663 2466 768 2548 55>
833 2457 1062 2548 ωσπερ
1124 2459 1212 2533 τὰ
1275 2460 1608 2551 γεγονότα
1668 2459 1899 2534 πάντα
1960 2457 2093 2532 ὑπὸ
2157 2467 2285 2533 τοῦ
2348 2459 2612 2549 πατρὸς
2664 2459 2771 2532 διὰ
2834 2468 2959 2532 τοῦ

247 2563 306 2618 20
460 2555 673 2646 λόγου
724 2563 1035 2648 γέγονεν,
1097 2554 1284 2632 οὕτω
1340 2567 1446 2632 καὶ
1496 2561 1582 2633 τὰ
1628 2558 1961 2650 λεγόμενα
2003 2557 2138 2632 ὑπὸ
2182 2567 2311 2632 τοῦ
2373 2559 2633 2650 πατρὸς
2677 2560 2787 2632 διὰ
2831 2567 2959 2632 τοῦ

455 2657 670 2747 λόγου
715 2668 1122 2752 σημαίνεται.

335 2763 439 2827 καὶ
496 2758 586 2849 δὴ
637 2755 846 2849 λόγον
906 2759 1326 2852 σημαντικὸν
1384 2763 1460 2832 ἐν
1521 2759 1796 2844 τούτοις
1856 2767 1972 2835 54*
2028 2755 2242 2833 αυτὸν
2294 2756 2626 2846 άνειπιόν,
2687 2761 2955 2851 προῖων

335 2858 482 2947 ἑξῆς
527 2855 915 2948 ἄχωριστον
960 2857 1175 2932 αὐτὸν
1220 2868 1305 2949 τῇ
1348 2858 1714 2933 υποστάσει
1759 2864 1833 2932 ἓν
1884 2870 1998 2933 καὶ
2058 2858 2318 2933 ταύτὸν
2373 2860 2544 2933 εἶναι
2594 2868 2698 2951 τῷ
2742 2869 2955 2949 πατρὶ

332 2964 758 3047 παρίστησιν,
805 2950 944 3030 ωδέ
979 2988 1077 3049 πη
1123 2967 1345 3049 λέγων

241 3062 302 3144 ἓ5
455 3062 598 3146 (Nr.
630 3066 734 3147 55)
763 3066 976 3132 τοῦτο
1009 3065 1082 3131 δὲ
1124 3057 1381 3151 ρᾴδιον,
1425 3061 1628 3151 οἶμαι,
1669 3079 1815 3144 τοῖς
1860 3052 1932 3131 εὖ
1978 3068 2348 3149 φρονοῦσιν
2375 3068 2489 3131 καὶ
2533 3057 2669 3131 άπὸ
2712 3066 2953 3149 μικροῦ

332 3146 340 3164 ¹
339 3185 649 3287 Ἶτινος
691 3165 802 3231 καὶ
847 3167 1176 3231 ταπεινοῦ
1217 3159 1386 3231 καθ’
1433 3157 1602 3251 ἡμᾶς
1655 3166 2197 3250 παραδείγματος
2250 3168 2525 3250 γνῶναι.
2610 3155 2765 3230 οῦδὲ
2825 3158 2950 3248 γὰρ

450 3285 590 3330 τον
648 3264 773 3329 τοῦ
833 3254 1220 3348 ἀνθρώπου
1279 3258 1494 3350 λόγον
1552 3257 1826 3349 δυνάμει
1884 3268 1996 3331 καὶ
2049 3256 2419 3332 ὑποστάσει
2476 3268 2759 3348 χωρίσαι
2814 3265 2950 3329 τινὶ

451 3355 770 3430 δυνατόν.
855 3361 930 3429 ἓν
973 3356 1100 3448 γάρ
1144 3364 1330 3431 ἐστιν
1389 3368 1502 3433 καὶ
1562 3357 1820 3433 ταύτὸν
1864 3366 1965 3449 τῷ
2022 3356 2381 3449 ανθρῶπῳ
2445 3354 2483 3429 6
2545 3354 2773 3447 λόγος,
2836 3364 2949 3429 καὶ

453 3453 684 3529 οὐδενὶ
724 3455 1175 3547 χωριζόμενος
1219 3457 1505 3550 ἑτέρῳ
1477 3456 1522 3548 ἠ
1563 3460 1740 3551 μόνῃ
1787 3468 1873 3549 τῇ
1918 3467 2038 3549 τῆς
2082 3458 2390 3550 πράξεως
2434 3463 2745 3548 ἐνεργείᾳ.

237 3556 299 3612 30
329 3563 437 3626 καὶ
481 3548 688 3640 αὖθις
730 3565 818 3646 τῇ
861 3555 1036 3646 αὐτῇ
1079 3566 1398 3649 κέχρηται
1440 3556 1652 3633 εἰκόνι
1696 3566 1770 3633 ἐν
1813 3559 1919 3643 οἷς
1965 3583 2171 3650 φησιν

451 3660 595 3743 (Nr.
640 3667 742 3743 56)
803 3655 1035 3729 πάντα
1086 3658 1213 3747 γὰρ
1260 3653 1386 3730 ὅσα
1431 3657 1518 3732 ἀν
1563 3654 1601 3730 6
1644 3660 1875 3748 πατὴρ
1930 3666 2119 3749 λέγῃ,
2175 3666 2394 3731 ταῦτα
2446 3662 2799 3745 πανταχοῦ
2843 3654 2952 3727 διὰ

450 3762 582 3826 τοῦ
627 3754 835 3845 λόγου
889 3765 1112 3846 λέγων
1156 3766 1488 3845 φαίνεται.
1575 3768 1785 3831 τοῦτο
1833 3766 1905 3831 δὲ
1949 3756 2159 3849 δῆλόν
2204 3765 2391 3831 ἐστιν
2432 3765 2545 3829 καὶ
2590 3752 2707 3844 ἀφ’
2755 3752 2951 3845 ἡμῶν

449 3852 714 3940 αὐτῶν,
761 3850 886 3929 ὅσα
929 3858 1132 3947 μικρὰ
1175 3878 1322 3941 τοῖς
1365 3855 1680 3948 μεγάλοις
1724 3866 1834 3930 καὶ
1880 3867 2095 3943 θείοις
2140 3855 2516 3931 ἀπεικάσαι·
2601 3864 2715 3927 καὶ
2768 3852 2951 3946 ἡμεῖς

449 3954 580 4043 γὰρ
638 3954 871 4027 πάντα
934 3950 1060 4028 ὅσα
1121 3954 1206 4027 ἀν
1266 3964 1586 4046 θέλωμεν
1647 3959 1821 4031 κατὰ
1887 3958 1967 4031 τὸ
2032 3957 2327 4031 δυνατὸν
2398 3964 2616 4047 λέγειν
2690 3986 2763 4028 τε
2836 3961 2950 4026 καὶ

233 4054 294 4107 35
447 4074 674 4126 ποιεῖν
717 4063 820 4146 τῷ
869 4052 1171 4147 ἡμετέρῳ
1217 4065 1550 4147 ποιοῦμεν
1593 4058 1796 4150 λόγῳ.

329 4160 547 4225 ταῦτα
591 4152 980 4246 οὐμᾶλλον
1010 4163 1417 4244 Μαρκέλλου
1459 4154 1503 4248 ἢ
1534 4168 1914 4246 Σαβελλίου
1946 4165 2273 4248 λέγοντος
2305 4155 2577 4230 ἀκούειν
2619 4153 2946 4247 προσήκει
3012 4170 3047 4221 4

493 4375 573 4430 13
609 4378 722 4446 vgl.
757 4377 851 4433 Nr.
887 4378 954 4433 92

492 4576 531 4632 2
587 4576 866 4650 ὁμολογεῖ
894 4580 968 4646 V,
1024 4597 1159 4635 corr.
1197 4580 1273 4634 Kl
1337 4582 1345 4648 Ι
1409 4574 1601 4637 εἵνεκα
1636 4580 1686 4634 V
1750 4584 1760 4649 Ι
1827 4582 1903 4638 11
1961 4576 2255 4654 ἀνθρώπῳ
2308 4581 2433 4635 and.
2470 4580 2549 4635 st.
2600 4575 2945 4651 ἀνθρωπείῳ

325 4678 370 4731 V
435 4680 445 4747 Ι
513 4680 586 4736 27
623 4681 866 4755 χωρίσαι
900 4683 1026 4737 and.
1061 4682 1138 4737 St.
1172 4687 1429 4753 χωρῆσαι
1465 4682 1512 4736 V
1579 4684 1587 4751 1
1652 4682 1732 4739 29
1768 4682 1917 4751 μόνη
1956 4683 2005 4737 V
