3694 5582
1274 479 1376 534 Die
1410 480 1741 551 Fragmente
1776 481 2050 537 Marcelle.
2854 488 2989 551 203‘

361 664 481 714 νης
513 645 628 701 δύο
667 642 906 713 οὐσίας
940 641 1124 704 εἷναί
1175 662 1408 717 φησιν,
1463 643 1678 715 οὕτως
1728 651 1846 703 καὶ
1891 645 2099 713 αὐτὸς
2143 647 2359 719 λέγοι,
2415 642 2595 719 ἔγνων
2649 646 2821 703 αὐτὸν
2859 645 2976 704 ἀπὸ

361 737 476 786 τῶν
513 729 844 802 γραφέντων
878 740 1065 805 τρεῖς
1102 726 1283 789 εἶναι
1318 733 1670 791 πιστεύειν
1708 732 1946 798 οὐσίας
1982 730 2453 805 ἀποκρινόμενον.

531 900 622 955 Nr.
659 898 728 953 82
765 900 864 968 (Re
901 901 986 968 7⁴2)
1021 902 1223 957 διελεῖν
1259 900 1370 973 γὰρ
1407 901 1508 957 τὸν
1543 901 1718 973 λόγον
1753 910 1857 957 τοῦ
1893 905 2037 957 θεοῦ
2069 901 2358 969 τολμήσας
2402 900 2499 953 καί
2534 894 2776 970 ἕτερον
2810 898 2979 955 θεὸν

362 982 480 1039 τὸν
514 983 729 1054 λόγον
766 972 1068 1053 ὅνομάσαι,
1123 984 1323 1061 οὐσίᾳ
1375 1005 1446 1043 τε
1497 988 1615 1041 καὶ
1667 984 1957 1054 δυνάμει
2010 987 2343 1041 διεστῶτα
2395 990 2514 1039 τοῦ
2561 984 2843 1057 πατρός,
2900 982 2981 1049 εἰς

361 1150 552 1225 ῥητῶν
583 1151 792 1228 ῥᾳδίως
825 1152 1162 1223 μανθάνειν.
1233 1153 1522 1227 γέγραφεν
1579 1148 1638 1209 δ’
1690 1155 1889 1220 αὐταῖς
1940 1153 2153 1221 λέξεσιν
2207 1148 2410 1217 οὕτως·
2472 1149 2549 1207 οὐ
2591 1154 2807 1219 δήπου
2841 1151 2977 1221 δὲὴ

359 1234 572 1293 εἰκὼν
620 1241 738 1295 καὶ
773 1239 851 1294 τὸ
906 1232 982 1296 οὗ
1036 1238 1224 1297 ἐστιν
1275 1242 1308 1309 ὴ
1355 1238 1568 1297 εἰκὼν
1613 1235 1684 1295 ἓν
1717 1240 1835 1294 καὶ
1868 1236 2120 1294 ταύτὸν
2156 1235 2570 1303 ἐπινοεῖται,
2626 1233 2797 1293 ἀλλὰ
2852 1235 2969 1291 δύο

358 1322 484 1391 μὲν
530 1322 765 1379 οὐσίαι
815 1327 933 1381 καὶ
985 1324 1101 1380 δύο
1155 1324 1534 1397 πράγματα
1585 1327 1700 1379 καὶ
1751 1322 1869 1378 δύο
1924 1320 2273 1390 δυνάμεις,
2334 1318 2422 1386 ὼς
2477 1324 2593 1377 καὶ
2644 1328 2981 1377 τοσαῦται

361 1410 852 1481 προσηγορίαι.

267 1579 328 1631 10
531 1575 623 1631 Nr.
660 1578 728 1631 83
763 1576 865 1643 (Re
903 1578 987 1643 73)
1041 1571 1162 1631 ἀλλ’
1215 1574 1250 1631 ὁ
1301 1575 1408 1647 μὲν
1461 1575 1790 1640 ἀπόστολος
1840 1583 2077 1631 τοιαῦτα
2128 1576 2260 1645 περὶ
2302 1584 2399 1641 τῆς
2434 1575 2706 1627 Γαλατῶν
2742 1574 2984 1637 πίστεως

361 1658 598 1730 γράφει·
646 1659 920 1733 Εὐσέβιος
953 1662 1013 1718 δὲ
1046 1661 1386 1731 μεταφέρων
1421 1663 1523 1730 τὴν
1558 1658 1941 1728 ἀποστολικὴν
1978 1654 2221 1721 ἔννοιαν,
2258 1651 2327 1713 δι’
2366 1658 2431 1727 ἢν
2468 1651 2627 1713 τοῦθ’
2662 1654 2695 1713 ὁ
2733 1654 2981 1713 ἀπόστο-

358 1748 458 1809 λος
491 1751 592 1811 τῆς
626 1745 1041 1817 προειρημένης
1075 1744 1260 1811 αἰτίας
1294 1741 1480 1812 ἕνεκα,
1522 1743 1721 1800 »τέκνα
1756 1763 1898 1813 μουσ
1940 1738 2097 1800 εἶπεν
2138 1738 2267 1807 »οὓς
2300 1742 2471 1797 πάλιν
2506 1739 2691 1797 ὠδίνω
2727 1736 2891 1811 ἄχρις
2915 1733 2985 1797 οὗ

359 1833 653 1899 μορφωθῇ
689 1831 936 1901 Χριστὸς
970 1827 1032 1886 ἐν
1067 1825 1261 1899 ὑμῖνσ,
1297 1832 1607 1901 καθήψατο
1645 1830 1923 1884 Γαλατῶν
1969 1824 2059 1892 ὥς
2091 1832 2180 1897 μὴ
2224 1826 2443 1897 ὀρθὴν
2483 1824 2787 1896 ἐχόντων
2822 1828 2983 1897 περὶ
3030 1884 3035 1889 ,

356 1916 532 1969 θεοῦ
567 1912 790 1980 δόξαν.
863 1910 1064 1970 ὤδινεν
1099 1913 1210 1987 γὰρ
1247 1911 1478 1983 ἀληθῶς
1512 1912 1772 1985 δριμεῖάν
1807 1933 1935 1969 τινα
1969 1915 2067 1968 καὶ
2102 1911 2311 1984 πικρὰν
2347 1908 2541 1977 ὠδῖνα,
2580 1906 2667 1966 ὅτι
2704 1911 2978 1979 ἠπίστατο

265 1999 327 2053 15
358 1996 628 2063 Γαλάτας
677 1999 809 2071 περὶ
850 2000 1185 2070 θεοσεβείας
1227 2000 1303 2067 μὴ
1339 1992 1537 2071 ὥσπερ
1585 1994 1802 2062 ἐκεῖνος
1835 1995 2203 2065 δοξάζοντας,
2255 1994 2395 2065 μηδὲ
2446 1995 2561 2051 δύο
2618 1993 2859 2059 οὐσίας
2909 2012 2979 2049 τε

357 2085 476 2138 καὶ
511 2081 886 2156 πράγματα
919 2085 1038 2139 καὶ
1071 2082 1399 2151 δυνάμεις
1430 2085 1548 2138 καὶ
1581 2081 1792 2146 θεοὺς
1826 2081 2112 2151 λέγοντας.

533 2250 626 2303 Nr.
661 2251 730 2305 84
767 2250 864 2318 (Re
901 2250 986 2317 74)
1032 2244 1180 2305 οὕτω
1225 2250 1284 2306 δὲ
1316 2252 1416 2305 καὶ
1450 2247 1720 2321 Εὐσέβιος
1765 2246 1808 2304 ό
1833 2254 1933 2319 τῆς
1966 2249 2318 2319 Καισαρείας
2354 2246 2641 2318 γέγραφεν
2676 2248 2775 2301 καὶ
2811 2244 2983 2310 αὐτὸς

359 2336 462 2402 τὴν
501 2327 674 2402 αὐτὴν
713 2327 860 2404 ἔχων
899 2334 1166 2407 Παυλίνῳ
1201 2354 1262 2391 τε
1297 2336 1395 2388 καὶ
1439 2341 1558 2399 τοῖς
1610 2328 1824 2400 ἔξωθεν
1880 2335 2012 2404 περὶ
2060 2336 2217 2388 θεῶν
2269 2332 2456 2397 δόξαν.
2528 2329 2815 2402 γέγραφεν
2868 2326 2981 2403 γὰρ

362 2418 466 2488 οὐχ
521 2414 602 2483 ὼς
655 2412 820 2483 ὄντος
870 2417 1056 2487 μόνου
1105 2422 1272 2480 θεοῦ,
1338 2411 1461 2475 ἀλλ’
1503 2416 1657 2484 ἑνὸς
1710 2413 1913 2484 ὄντος
1962 2424 2082 2473 τοῦ
2132 2417 2353 2485 μόνου
2406 2412 2741 2484 ἀληθινοῦ
2795 2418 2980 2469 θεοῦ.

268 2508 328 2562 ’20
365 2499 508 2559 ὅθεν
543 2503 735 2559 τοίνυν
769 2499 982 2572 μαθὼν
1014 2504 1113 2557 καὶ
1149 2499 1180 2557 ὁ
1213 2498 1492 2575 Ἀστερίου
1535 2504 1722 2573 πατὴρ
1762 2503 2044 2565 Παυλῖνος
2102 2498 2489 2570 νεωτέρους
2539 2497 2750 2563 θεοὺς
2802 2492 2984 2554 εἶναι

361 2607 528 2661 ῳετο.

537 2772 627 2826 Nr.
662 2772 730 2828 85
767 2773 866 2836 (Re
904 2773 988 2840 75)
1041 2778 1164 2836 πῶς
1216 2762 1317 2827 οὖν
1363 2762 1433 2826 οὐ
1480 2772 1581 2840 τὴν
1635 2764 1810 2842 αὐτὴν
1866 2762 2023 2827 οὗτοι
2073 2779 2196 2836 τοῖς
2248 2764 2463 2837 ἔξωθεν
2522 2770 2793 2836 κακίστην
2848 2762 2985 2822 ὁδὸν

359 2856 673 2931 τραπέντες
707 2855 778 2912 τὰ
815 2853 956 2913 αὐτὰ
993 2855 1212 2922 διδάξαί
1253 2875 1314 2912 τε
1360 2858 1458 2910 καὶ
1492 2854 1718 2928 γράψαι
1752 2850 2102 2926 προῦθεντο,
2148 2863 2251 2911 τοῦ
2283 2854 2391 2924 μὲν
2426 2847 2703 2925 Εὐσεβίου
2744 2851 2979 2908 Οὐαλεν-

361 2946 500 3018 timp
535 2961 596 2998 τε
631 2944 730 2998 καὶ
757 2932 934 3015 Ἐρμῇ
969 2939 1184 3010 ὁμοίως
1219 2937 1526 3012 εἰρηκότος,
1563 2947 1666 2996 τοῦ
1700 2939 1759 2996 δὲ
1785 2941 2110 3012 Ναρκίσσου
2138 2941 2439 3011 Μαρκίωνί
2474 2958 2535 2994 τε
2570 2939 2670 2993 καὶ
2694 2935 2982 3000 Πλάτωνι;

268 3119 328 3174 25
535 3111 628 3164 Nr.
663 3111 730 3166 86
767 3109 868 3178 (Re
903 3109 990 3177 ’76)
1045 3101 1166 3162 ἀλλ’
1209 3103 1498 3175 ἀφέμενος
1549 3113 1648 3174 τῆς
1683 3104 1935 3176 ἀληθοῦς
1976 3104 2243 3178 γνώσεως
2284 3110 2386 3174 τὴν
2422 3099 2683 3176 ἔντεχνον
2719 3106 2851 3175 ἡμῖν
2886 3107 2985 3160 καὶ

365 3203 465 3250 νῦν
502 3193 826 3259 ἐπεδείξατο
864 3194 1133 3262 θεωρίαν,
1188 3186 1292 3247 οὐκ
1344 3185 1489 3261 ἔχων
1533 3193 1644 3264 γὰρ
1688 3188 1753 3247 ἐκ
1786 3199 1901 3248 τῶν
1936 3193 2113 3248 θείων
2147 3197 2386 3264 γραφῶν
2438 3191 2503 3245 τὸ
2558 3185 2760 3244 ἑαυτοῦ
2810 3207 2981 3244 κατα-

363 3277 640 3336 σκευάσαι
672 3275 958 3350 βούλημα,
1003 3274 1098 3332 ἐπὶ
1131 3275 1262 3340 τοὺς
1297 3275 1687 3345 σοφωτάτους,
1735 3271 1815 3340 ὼς
1851 3271 2055 3342 οἴεται,
2103 3273 2401 3344 ἀνατρέχει
2436 3272 2687 3344 πατέρας
2722 3271 2981 3342 φάσκων·

363 3359 534 3434 ὅπερ
573 3359 640 3417 oz
674 3359 1070 3431 σοφώτατοι
1103 3368 1236 3415 τῶν
1281 3361 1594 3433 πατέρων
1648 3359 1717 3417 ἐν
1771 3369 1918 3424 τοῖς
1972 3357 2267 3422 οἰκείοις
2316 3355 2785 3427 συντάγμασιν
2822 3354 2981 3412 ἀπε·
3024 3395 3037 3406 .

363 3449 694 3518 φήναντο.
782 3443 1076 3514 ἀπόφασιν
1131 3443 1546 3516 ἀποπεφάσθαι
1596 3445 1729 3508 τοὺς
1779 3440 1983 3498 ἑαυτοῦ
2034 3442 2287 3515 πατέρας
2336 3435 2613 3512 Ἀστέριός
2666 3459 2829 3510 φησιν
2885 3443 2986 3495 καὶ

269 3540 330 3595 30
360 3531 549 3602 δόγμα
586 3533 721 3601 περὶ
756 3532 898 3586 θεοῦ
933 3527 1283 3600 γεγραφέναι
1329 3529 1444 3586 ἀπὸ
1487 3537 1586 3598 τῆς
1631 3529 1846 3592 οἰκείας
1898 3523 2114 3582 ἑαυτῶν
2158 3525 2565 3598 προαιρέσεως.
2634 3523 2699 3578 τὸ
2737 3524 2847 3596 γὰρ
2884 3531 2985 3580 τοῦ

361 3617 653 3686 δόγματος
705 3609 891 3681 ὄνομα
943 3619 1042 3681 τῆς
1093 3611 1459 3685 ἀνθρωπίνης
1512 3608 1700 3684 ἔχεται
1752 3617 1959 3684 βουλῆς
2000 3631 2063 3668 τε
2116 3612 2217 3666 καὶ
2251 3606 2499 3681 γνώμης.
2572 3604 2662 3662 ὅτι
2712 3608 2773 3664 δὲ
2822 3604 2986 3664 τοῦθ’

363 3695 547 3764 οὕτως
583 3693 698 3769 ἔχει
735 3707 1017 3770 μαρτυρεῖ
1043 3697 1149 3767 μὲν
1185 3699 1320 3768 ἡμῖν
1357 3695 1565 3762 ἱκανῶς
1607 3699 1641 3767 ἡ
1677 3699 1991 3768 δογματικὴ
2033 3701 2149 3751 τῶν
2203 3692 2412 3766 ἰατρῶν
2465 3693 2657 3764 τέχνη,
2710 3701 2992 3764 μαρτυρεῖ

363 3783 422 3841 δὲ
458 3786 557 3840 καὶ
591 3782 664 3840 τὰ
699 3789 816 3838 τῶν
854 3784 1188 3852 φιλοσόφων
1223 3782 1550 3850 καλούμενα
1578 3781 1918 3852 <δόγματα>·
1958 3775 2045 3835 ὅτι
2080 3779 2139 3836 δὲ
2172 3782 2272 3834 καὶ
2306 3777 2376 3834 τὰ
2414 3779 2703 3852 συγκλήτῳ
2738 3777 2984 3844 δόξαντα

365 3863 447 3925 ἔτι
481 3871 581 3924 καὶ
614 3875 715 3922 νῦν
751 3867 1010 3938 δόγματα
1048 3869 1363 3937 συγκλήτου
1397 3865 1638 3936 λέγεται,
1677 3865 1877 3922 οὐδένα
1914 3861 2143 3934 ἀγνοεῖν
2182 3857 2359 3933 οἶμαι.

537 4051 706 4106 3-9
747 4053 841 4116 26,
877 4052 1106 4115 14-21;
1162 4051 1330 4107 3-5
1373 4046 1774 4118 (ἐκπέπτωκεν)
1821 4049 1915 4112 30,
1951 4049 2173 4102 22-24
2220 4079 2286 4087 -
2336 4051 2601 4104 10--16
2652 4049 2746 4114 27,
2784 4049 2994 4100 17-25

364 4151 428 4161 -
465 4119 710 4177 1'7-21
761 4121 849 4187 28,
885 4121 1098 4174 16-20
1131 4149 1198 4158 -—·
1235 4121 1496 4176 22-24
1547 4119 1640 4184 26,
1675 4119 1901 4171 23—26
1938 4145 2001 4156 -·
2046 4117 2311 4172 25—34
2362 4116 2456 4178 20,
2492 4117 2709 4169 12-23

542 4257 616 4312 12
667 4256 786 4310 Gal.
822 4259 872 4318 4,
911 4259 976 4312 19
1030 4288 1097 4296 —
1153 4258 1227 4312 15
1281 4256 1393 4325 vgl.
1429 4255 1521 4309 Nr.
1559 4254 1627 4310 82
1659 4253 1770 4307 und
1808 4254 1953 4308 oben
1988 4253 2037 4308 S.
2077 4255 2158 4321 ⁶29,
2194 4254 2275 4308 30.
2340 4253 2421 4315 30,
2457 4253 2569 4307 20f.
2622 4282 2685 4290 —-
2744 4253 2823 4307 20
2876 4252 2985 4321 vgl.

367 4325 418 4380 S.
460 4327 575 4388 195,
614 4327 680 4378 14
715 4353 780 4362 -
817 4323 940 4379 281
971 4324 1076 4392 vgl.
1114 4325 1208 4379 Nr.
1247 4325 1314 4378 34

541 4459 580 4514 4
619 4455 912 4526 ὀνομάσας
947 4461 1027 4526 30,
1066 4461 1131 4514 23
1197 4461 1204 4526 Ι
1270 4457 1352 4514 51
1380 4453 1668 4527 γέγραφεν
1703 4487 1769 4495 -
1805 4449 1984 4520 οὕτως
2020 4455 2101 4509 als
2136 4453 2418 4508 Eusebius'
2455 4452 2654 4508 Worhe
2690 4471 2743 4506 m
2771 4471 2809 4520 g
2872 4460 2879 4510 Ι
2948 4453 2985 4508 8

370 4520 452 4582 ὢν
491 4545 546 4579 m
609 4527 619 4594 1
687 4527 762 4582 12
801 4523 978 4583 εἰπὼν
998 4527 1064 4588 V,
1101 4544 1224 4582 corr
1259 4526 1332 4580 Kl
1395 4529 1404 4592 Ι
1473 4525 1698 4580 14-16
1736 4517 1938 4579 ὤδινεν
1966 4553 2026 4560 —-
2063 4521 2334 4591 λέγοντας
2370 4521 2451 4575 als
2486 4519 2769 4576 Eusebius'
2792 4519 2987 4574 Worte

370 4613 424 4650 m
451 4613 490 4661 g
552 4597 560 4660 Ι
627 4596 705 4650 22
742 4602 862 4659 τοῖς
895 4611 924 4646 r
956 4600 1056 4662 τῆς
1090 4595 1141 4647 V
1206 4599 1214 4662 Ι
1280 4594 1358 4648 26
1397 4590 1730 4657 ἀπεδείξατο
1769 4611 1823 4644 m
1964 4591 2043 4646 29
2096 4587 2465 4660 ἀποπέφαται
2502 4589 2579 4657 V,
2634 4604 2769 4643 corr.
2806 4588 2898 4641 Mo
2978 4589 2985 4654 Ι

373 4665 446 4719 31
486 4665 585 4732 τῆς
620 4671 687 4722 <
723 4681 751 4715 r
814 4666 821 4730 Ι
887 4657 1092 4732 ἔχεται]
1130 4657 1245 4733 ἔχει
1280 4681 1332 4717 τι
1367 4661 1622 4715 Neander
1688 4661 1695 4726 Ι
1762 4661 1840 4714 83
1910 4659 2137 4729 ὀγματα
2174 4659 2265 4712 Mo
