3694 5582
836 1435 1088 1522 <THE
1139 1439 2109 1522 ΕΚΚΑΗΣΙΑΣΤΙΚΗΣ
2165 1439 2455 1522 ΘΕΟΛ
2467 1439 2791 1521 ΟΓΙΑΣ

1739 1629 1875 1720 A.)
2102 1619 2109 1626 '

1146 1733 1339 1869 Τάδε
1381 1793 1474 1867 τὸ
1517 1798 1576 1864 α’
1619 1802 1973 1885 περιέχει
2015 1794 2485 1887 σύγγραμμα.

705 1959 761 2024 α’
797 1961 887 2022 ὅτι
919 1963 1106 2035 μάτην
1143 1964 1462 2037 Σαβέλλιον
1507 1964 1795 2038 διέβαλλεν
1830 1964 2173 2038 Μάρκελλος
2212 1964 2285 2024 τὰ
2322 1961 2416 2022 ἴσα
2454 1963 2605 2034 αὐτῷ
2652 1964 2921 2034 δοξάζων.

427 2047 460 2100 5
703 2043 758 2124 β’
795 2047 884 2108 ὅτι
915 2056 986 2120 τῇ
1013 2046 1281 2126 ἐκκλησίᾳ
1304 2055 1412 2106 τοῦ
1433 2053 1578 2107 θεοῦ
1599 2051 1631 2119 ἡ
1655 2051 1913 2124 Χριστοῦ
1948 2049 2115 2124 χάρις
2146 2053 2248 2120 τὴν
2283 2053 2414 2124 περὶ
2438 2049 2655 2124 πατρὸς
2676 2053 2775 2106 καὶ
2796 2047 2926 2106 υἱοῦ

794 2141 1006 2206 γνῶσιν
1043 2132 1334 2206 ἐξαίρετον
1370 2131 1712 2208 ἐδωρήσατο.

705 2211 760 2289 γ’
797 2214 885 2274 ὅτι
920 2221 1194 2285 ποικίλως
1229 2217 1554 2289 ἐσφάλησαν
1591 2217 1648 2276 02
1683 2215 2007 2295 ἑτερόδοξοι
2041 2216 2104 2276 ἐν
2137 2227 2218 2294 τῷ
2254 2221 2386 2292 περὶ
2420 2216 2547 2274 υἱοῦ
2577 2215 2753 2294 λόγῳ.

706 2299 754 2359 δ’
789 2299 878 2360 ὅτι
911 2301 1100 2374 μάτην
1125 2301 1504 2378 Χριστιανοὺς
1537 2300 1772 2372 ἑαυτοὺς
1813 2304 2075 2376 λέγουσιν
2112 2299 2169 2360 οὶ
2200 2307 2277 2376 μὴ
2314 2299 2627 2374 ὑφεστάναι
2661 2303 2763 2361 τὸν
2796 2301 2923 2360 υἱὸν

793 2394 904 2444 τοῦ
935 2391 1084 2444 θεοῦ
1119 2383 1554 2459 ὁμολογοῦντες.

397 2479 466 2533 10
715 2469 760 2530 ε’
800 2467 956 2540 ὅπως
981 2471 1319 2547 Μάρκελλος
1353 2469 1456 2529 τὸν
1493 2469 1617 2530 υἱὸν
1653 2481 1758 2532 τοῦ
1790 2478 1935 2532 θεοῦ
1968 2474 2193 2546 ἠρνεῖτο
2227 2475 2332 2542 τὴν
2357 2474 2679 2548 Σαβελλίου
2704 2469 2922 2547 αἳρεσιν

796 2556 1166 2627 μιμούμενος.

709 2638 753 2708 ς’
793 2637 950 2707 ὅπως
984 2643 1016 2712 ἡ
1057 2639 1324 2713 ἐκκλησία
1357 2649 1464 2700 τοῦ
1501 2647 1646 2700 θεοῦ
1681 2641 1944 2700 πιστεύει.

707 2719 754 2797 ζ’
793 2721 951 2794 ὅπως
987 2725 1043 2782 oz
1077 2723 1401 2802 ἑτερόδοξοι
1445 2719 1734 2801 διαφόρως
1774 2735 1876 2797 τῆς
1910 2729 2040 2803 περὶ
2084 2729 2190 2784 τοῦ
2239 2723 2367 2784 υἱοῦ
2401 2729 2708 2799 θεολογίας
2758 2724 2918 2784 ἐκπε·

797 2830 1105 2869 πτωκασιν.

398 2908 462 2962 15
705 2887 758 2967 η’
795 2895 1122 2969 παράθεσις
1154 2904 1254 2965 τῆς
1287 2894 1481 2967 ὑγιοῦς
1512 2898 1611 2953 καὶ
1645 2894 2107 2967 ἐκκλησιαστικῆς
2142 2896 2495 2969 ὀρθοδοξίας.

693 2975 753 3037 θ’
791 2976 878 3037 ὅτι
911 2983 989 3050 μὴ
1025 2988 1147 3047 τοῖς
1179 2985 1414 3047 πολλοῖς
1445 2982 1746 3049 κτίσμασιν
1783 2974 2001 3051 ὁμοίως
2032 2985 2131 3039 καὶ
2166 2980 2199 3039 ό
2234 2979 2359 3048 υἱός
2392 2978 2615 3052 ὑπέστη.

715 3061 750 3121 ι’
787 3060 878 3122 ὅτι
911 3060 1095 3135 μόνος
1129 3062 1194 3121 ἐκ
1237 3070 1343 3122 τοῦ
1385 3062 1605 3140 πατρὸς
1647 3069 1945 3138 γεννηθεὶς
1996 3064 2237 3133 εἰκότως
2286 3068 2387 3123 καὶ
2422 3070 2565 3133 θεος
2596 3068 2695 3122 καὶ
2744 3085 2919 3136 μονο·

795 3152 963 3220 γενὴς
1007 3146 1132 3215 υἱὸς
1163 3144 1348 3220 μόνος
1384 3148 1558 3216 αὐτὸς
1593 3148 1900 3223 ἀνείρηται.
1966 3154 1977 3221 1

690 3230 766 3292 ια’
803 3230 959 3300 ὅπως
994 3229 1096 3289 ἕνα
1133 3230 1278 3290 θεόν
1310 3234 1344 3304 ὴ
1370 3232 1638 3305 ἐκκλησία
1664 3237 1944 3307 γνωρίζει,
1976 3236 2165 3291 καίτοι
2198 3228 2303 3291 τὸν
2338 3230 2464 3290 υἱὸν
2498 3234 2642 3291 θεὸν
2679 3232 2743 3291 ἐκ
2776 3238 2921 3292 θεοῦ

392 3319 462 3374 20
793 3313 941 3376 εἶναι
975 3316 1429 3391 παραδεχομένη.

689 3400 762 3477 ιβ’
799 3398 881 3469 ὥς
915 3397 1166 3475 ἄρρητος
1201 3402 1378 3459 αὐτοῦ
1411 3404 1444 3473 ἢ
1482 3402 1549 3461 ἐκ
1581 3410 1686 3461 τοῦ
1719 3404 1941 3475 πατρὸς
1974 3402 2247 3476 γέννησις.

690 3485 763 3559 ιγ’
803 3484 891 3544 ὅτι
927 3486 1216 3560 ἀναγκαία
1251 3490 1350 3546 καὶ
1385 3490 1664 3558 σωτήριος
1697 3496 1819 3554 τοῖς
1853 3495 2027 3545 πᾶσιν
2060 3488 2093 3558 ὴ
2126 3494 2231 3545 τοῦ
2264 3486 2391 3545 υἱοῦ
2424 3486 2735 3545 ἐπιστασία.

699 3567 767 3629 ιδ’
803 3568 892 3630 ὅτι
927 3569 1178 3645 εὐλόγως
1209 3574 1244 3642 ἡ
1281 3570 1548 3643 ἐκκλησία
1583 3570 1654 3629 τὰ
1681 3570 1826 3629 αὐτὰ
1864 3575 2233 3647 φρονήσαντα
2260 3574 2553 3647 Σαβελλίῳ
2576 3571 2920 3645 Μάρκελλον

793 3656 1232 3729 ἀπεδοκίμασεν.

389 3739 458 3795 25
695 3740 760 3801 ιε’
799 3741 1023 3810 ὁποίοις
1046 3742 1292 3814 ῥήμασιν
1310 3739 1650 3815 Μάρκελλος
1671 3735 1776 3798 τὸν
1801 3740 2119 3815 Σαβέλλιον
2142 3735 2399 3811 ἔκοπτεν,
2418 3738 2919 3815 προσποιούμενος

792 3830 870 3898 μὴ
906 3826 977 3884 τὰ
1015 3822 1109 3883 ἴσα
1148 3826 1299 3897 αὐτῷ
1337 3834 1586 3899 φρονεῖν.

695 3909 761 3979 ις’
797 3908 955 3977 ὅπως
1013 3906 1301 3968 ἁλίσκεται
1357 3910 1448 3967 διὰ
1507 3918 1624 3966 τῶν
1679 3909 1855 3967 αὐτοῦ
1913 3917 2121 3980 φωνῶν
2172 3908 2243 3967 τὰ
2302 3908 2446 3967 αὐτὰ
2498 3918 2579 3981 τῷ
2624 3911 2919 3983 Σαβελλίῳ

799 3996 1068 4065 δοξάζων.

695 4076 762 4150 ιζ’
799 4076 957 4147 ὅπως
991 4082 1216 4155 ἠρνεῖτο
1253 4086 1440 4152 γυμνῇ
1473 4086 1544 4151 τῇ·
1576 4084 1799 4151 κεφαλῇ
1831 4082 1937 4150 τὴν
1972 4075 2287 4137 ὑπόστασιν
2320 4086 2427 4137 τοῦ
2460 4077 2603 4135 υἱοῦ.

385 4160 460 4217 30
555 4180 564 4187 ·
689 4157 763 4235 ιη’
799 4159 958 4233 ὅπως
1001 4160 1118 4235 πρὸ
1161 4172 1261 4235 τῆς
1311 4162 1802 4238 ἐνανθρωπήσεως
1857 4163 2021 4222 οὐδὲν
2071 4160 2273 4239 ἕτερον
2326 4160 2579 4235 ἔφασκεν
2632 4157 2780 4221 εἶναι
2813 4154 2921 4219 τόν

791 4244 936 4319 υἱόν,
971 4246 1008 4320 ἢ
1043 4248 1223 4321 λόγον
1256 4245 1398 4307 αὐτὸ
1433 4244 1620 4320 μόνον
1657 4244 1863 4317 ὅμοιον
1898 4256 1978 4321 τῷ
2013 4244 2154 4321 παρ’
2188 4246 2537 4323 ἀνθρώποις.

673 4418 752 4475 11
782 4418 896 4488 vgl.
937 4418 988 4472 s,
1026 4420 1141 4487 101,
1178 4418 1251 4472 1f

669 4586 749 4642 11
795 4584 868 4640 K]
917 4586 1066 4641 nach
1117 4586 1172 4642 d.
1219 4574 1510 4641 Uberschr.
1565 4602 1676 4641 von
1727 4584 1797 4640 de
1852 4584 1981 4639 ecel.
2018 4584 2099 4639 th.
2134 4585 2187 4638 11
2238 4585 2247 4652 1
2298 4584 2373 4639 24
2427 4580 2849 4649 ἀπεδοκίμασεν
2902 4599 2959 4635 m
3008 4580 3119 4651 vgl.

491 4690 546 4745 S.
583 4690 666 4755 74,
705 4688 770 4744 12
805 4704 858 4742 u.
900 4688 1028 4743 1512
1087 4690 1098 4755 Ι
1155 4689 1228 4743 81
1270 4684 1422 4758 αὐτῷ
1465 4687 1530 4754 V,
1568 4702 1703 4741 corr.
1741 4684 1849 4739 We
1900 4690 1909 4755 Ι
1960 4692 2040 4757 τῷ
2076 4703 2133 4739 m
2166 4684 2233 4741 τὸ
2272 4686 2321 4740 V

3156 1445 3235 1501 58
