<?xml version="1.0" encoding="UTF-8"?>
<!DOCTYPE html PUBLIC "-//W3C//DTD XHTML 1.0 Transitional//EN"
    "http://www.w3.org/TR/xhtml1/DTD/xhtml1-transitional.dtd">
<html xmlns="http://www.w3.org/1999/xhtml" xml:lang="en" lang="en">
 <head>
  <title>
</title>
<meta http-equiv="Content-Type" content="text/html;charset=utf-8" />
  <meta name='ocr-system' content='tesseract 3.04.00' />
  <meta name='ocr-capabilities' content='ocr_page ocr_carea ocr_par ocr_line ocrx_word'/>
</head>
<body>
  <div class='ocr_page' id='page_1' title='image "./werkevolume00eusegoog_0141.png"; bbox 0 0 3694 5582; ppageno 0'>
   <div class='ocr_carea' id='block_1_1' title="bbox 568 431 2144 558">
    <p class='ocr_par' dir='ltr' id='par_1_1' title="bbox 568 431 2144 558">
     <span class='ocr_line' id='line_1_1' title="bbox 568 431 2144 558; baseline 0.031 -63"><span class='ocrx_word' id='word_1_1' title='bbox 568 455 634 486; x_wconf 79' lang='grc' dir='ltr'><strong><em>ὀ·</em></strong></span> <span class='ocrx_word' id='word_1_2' title='bbox 670 487 852 558; x_wconf 82' lang='lat'><strong><em>102</em></strong></span> <span class='ocrx_word' id='word_1_3' title='bbox 1074 431 1123 494; x_wconf 39' lang='grc' dir='ltr'><strong><em>,ἶ</em></strong></span> <span class='ocrx_word' id='word_1_4' title='bbox 1155 448 1280 496; x_wconf 61' lang='lat'><strong><em>²⁰:</em></strong></span> <span class='ocrx_word' id='word_1_5' title='bbox 1876 485 2144 541; x_wconf 70' lang='lat' dir='ltr'>Eusebius</span> 
     </span>
    </p>
   </div>
   <div class='ocr_carea' id='block_1_2' title="bbox 591 644 3318 1934">
    <p class='ocr_par' dir='ltr' id='par_1_2' title="bbox 591 644 3318 1934">
     <span class='ocr_line' id='line_1_2' title="bbox 825 644 3315 738; baseline 0 -19"><span class='ocrx_word' id='word_1_6' title='bbox 825 654 961 730; x_wconf 89' lang='lat' dir='ltr'><strong>(Nr.</strong></span> <span class='ocrx_word' id='word_1_7' title='bbox 993 655 1100 737; x_wconf 85' lang='lat'><strong><em>92)</em></strong></span> <span class='ocrx_word' id='word_1_8' title='bbox 1148 654 1205 719; x_wconf 89' lang='grc' dir='ltr'><strong><em>εἰ</em></strong></span> <span class='ocrx_word' id='word_1_9' title='bbox 1247 658 1488 722; x_wconf 98' lang='grc' dir='ltr'><strong><em>τοίνυν</em></strong></span> <span class='ocrx_word' id='word_1_10' title='bbox 1531 656 1742 722; x_wconf 85' lang='grc' dir='ltr'><strong><em>τοῦτο</em></strong></span> <span class='ocrx_word' id='word_1_11' title='bbox 1785 647 2120 733; x_wconf 87' lang='grc' dir='ltr'><strong><em>πιστεύοι,</em></strong></span> <span class='ocrx_word' id='word_1_12' title='bbox 2166 645 2425 738; x_wconf 79' lang='grc' dir='ltr'><strong><em>ἀνάγκη</em></strong></span> <span class='ocrx_word' id='word_1_13' title='bbox 2472 645 2687 720; x_wconf 84' lang='grc' dir='ltr'><strong><em>αύτὸν</em></strong></span> <span class='ocrx_word' id='word_1_14' title='bbox 2714 644 2987 719; x_wconf 83' lang='grc' dir='ltr'><strong><em>κάκεῖνο</em></strong></span> <span class='ocrx_word' id='word_1_15' title='bbox 3032 670 3315 737; x_wconf 91' lang='grc' dir='ltr'><strong><em>συνομο-</em></strong></span> 
     </span>
     <span class='ocr_line' id='line_1_3' title="bbox 825 740 3318 839; baseline 0 -21"><span class='ocrx_word' id='word_1_16' title='bbox 825 758 1052 837; x_wconf 82' lang='grc' dir='ltr'><strong><em>λογεῖν</em></strong></span> <span class='ocrx_word' id='word_1_17' title='bbox 1114 741 1223 819; x_wconf 74' lang='grc' dir='ltr'><strong><em>ὅτι</em></strong></span> <span class='ocrx_word' id='word_1_18' title='bbox 1273 748 1458 839; x_wconf 87' lang='grc' dir='ltr'><strong><em>πλὴν</em></strong></span> <span class='ocrx_word' id='word_1_19' title='bbox 1509 755 1678 822; x_wconf 85' lang='grc' dir='ltr'><strong><em>θεοῦ</em></strong></span> <span class='ocrx_word' id='word_1_20' title='bbox 1729 746 1931 820; x_wconf 72' lang='grc' dir='ltr'><strong><em>οὐδὲν</em></strong></span> <span class='ocrx_word' id='word_1_21' title='bbox 1974 749 2210 838; x_wconf 70' lang='grc' dir='ltr'><strong><em>ἕτερον</em></strong></span> <span class='ocrx_word' id='word_1_22' title='bbox 2270 741 2372 838; x_wconf 86' lang='grc' dir='ltr'><strong><em>ἦν.</em></strong></span> <span class='ocrx_word' id='word_1_23' title='bbox 2457 749 2630 836; x_wconf 85' lang='grc' dir='ltr'><strong><em>εἶχεν</em></strong></span> <span class='ocrx_word' id='word_1_24' title='bbox 2688 740 2814 818; x_wconf 83' lang='grc' dir='ltr'><strong><em>οὖν</em></strong></span> <span class='ocrx_word' id='word_1_25' title='bbox 2874 745 3004 836; x_wconf 85' lang='grc' dir='ltr'><strong><em>τὴν</em></strong></span> <span class='ocrx_word' id='word_1_26' title='bbox 3064 752 3318 819; x_wconf 86' lang='grc' dir='ltr'><strong><em>οἰκείαν</em></strong></span> 
     </span>
     <span class='ocr_line' id='line_1_4' title="bbox 825 841 2066 938; baseline 0.001 -20"><span class='ocrx_word' id='word_1_27' title='bbox 825 845 1033 934; x_wconf 77' lang='grc' dir='ltr'><strong><em>δόξαν</em></strong></span> <span class='ocrx_word' id='word_1_28' title='bbox 1075 842 1114 917; x_wconf 88' lang='lat'>6</span> <span class='ocrx_word' id='word_1_29' title='bbox 1159 846 1379 938; x_wconf 88' lang='grc' dir='ltr'><strong><em>λόγος,</em></strong></span> <span class='ocrx_word' id='word_1_30' title='bbox 1426 841 1530 920; x_wconf 77' lang='grc' dir='ltr'><strong><em>ὢν</em></strong></span> <span class='ocrx_word' id='word_1_31' title='bbox 1572 854 1648 921; x_wconf 88' lang='grc' dir='ltr'><strong><em>ἐν</em></strong></span> <span class='ocrx_word' id='word_1_32' title='bbox 1691 855 1792 938; x_wconf 83' lang='grc' dir='ltr'><strong><em>τῷ</em></strong></span> <span class='ocrx_word' id='word_1_33' title='bbox 1837 857 2066 937; x_wconf 89' lang='grc' dir='ltr'><strong><em>πατρί.</em></strong></span> 
     </span>
     <span class='ocr_line' id='line_1_5' title="bbox 699 944 3317 1036; baseline 0 -19"><span class='ocrx_word' id='word_1_34' title='bbox 699 951 1025 1018; x_wconf 84' lang='grc' dir='ltr'><strong><em>ἐντεῦθεν</em></strong></span> <span class='ocrx_word' id='word_1_35' title='bbox 1068 944 1352 1032; x_wconf 82' lang='grc' dir='ltr'><strong><em>εἰκότως</em></strong></span> <span class='ocrx_word' id='word_1_36' title='bbox 1393 956 1505 1019; x_wconf 83' lang='grc' dir='ltr'><strong><em>καὶ</em></strong></span> <span class='ocrx_word' id='word_1_37' title='bbox 1547 945 1786 1033; x_wconf 88' lang='grc' dir='ltr'><strong><em>ἀίδιον,</em></strong></span> <span class='ocrx_word' id='word_1_38' title='bbox 1831 944 2020 1020; x_wconf 83' lang='grc' dir='ltr'><strong><em>τοῦτ’</em></strong></span> <span class='ocrx_word' id='word_1_39' title='bbox 2068 951 2256 1019; x_wconf 81' lang='grc' dir='ltr'><strong><em>ἔστιν</em></strong></span> <span class='ocrx_word' id='word_1_40' title='bbox 2300 944 2667 1036; x_wconf 87' lang='grc' dir='ltr'><strong><em>ἀγένητον,</em></strong></span> <span class='ocrx_word' id='word_1_41' title='bbox 2712 947 2885 1017; x_wconf 83' lang='grc' dir='ltr'><strong><em>εἷναί</em></strong></span> <span class='ocrx_word' id='word_1_42' title='bbox 2931 971 3141 1036; x_wconf 90' lang='grc' dir='ltr'><strong><em>φησιν</em></strong></span> <span class='ocrx_word' id='word_1_43' title='bbox 3188 947 3317 1019; x_wconf 90' lang='grc' dir='ltr'><strong><em>τὸν</em></strong></span> 
     </span>
     <span class='ocr_line' id='line_1_6' title="bbox 629 1037 1440 1136; baseline 0.001 -18"><span class='ocrx_word' id='word_1_44' title='bbox 629 1065 662 1118; x_wconf 86' lang='grc'><strong>5</strong></span> <span class='ocrx_word' id='word_1_45' title='bbox 699 1042 925 1136; x_wconf 87' lang='grc' dir='ltr'><strong><em>λόγον,</em></strong></span> <span class='ocrx_word' id='word_1_46' title='bbox 973 1037 1108 1117; x_wconf 83' lang='grc' dir='ltr'><strong><em>ώδε</em></strong></span> <span class='ocrx_word' id='word_1_47' title='bbox 1151 1044 1440 1136; x_wconf 76' lang='grc' dir='ltr'><strong><em>γράφων</em></strong></span> 
     </span>
     <span class='ocr_line' id='line_1_7' title="bbox 823 1142 3315 1238; baseline 0.001 -22"><span class='ocrx_word' id='word_1_48' title='bbox 823 1150 913 1234; x_wconf 91' lang='lat' dir='ltr'><strong><em>(N</em></strong></span> <span class='ocrx_word' id='word_1_49' title='bbox 917 1175 964 1216; x_wconf 88' lang='lat' dir='ltr'><strong><em>r.</em></strong></span> <span class='ocrx_word' id='word_1_50' title='bbox 1006 1153 1110 1234; x_wconf 88' lang='lat'><strong><em>48)</em></strong></span> <span class='ocrx_word' id='word_1_51' title='bbox 1152 1143 1419 1230; x_wconf 77' lang='grc' dir='ltr'><strong><em>ἀκούεις</em></strong></span> <span class='ocrx_word' id='word_1_52' title='bbox 1463 1155 1700 1218; x_wconf 92' lang='grc' dir='ltr'><strong><em>τοίνυν</em></strong></span> <span class='ocrx_word' id='word_1_53' title='bbox 1743 1155 1868 1238; x_wconf 86' lang='grc' dir='ltr'><strong><em>τῆς</em></strong></span> <span class='ocrx_word' id='word_1_54' title='bbox 1911 1155 2307 1236; x_wconf 75' lang='grc' dir='ltr'><strong><em>συμφωνίας</em></strong></span> <span class='ocrx_word' id='word_1_55' title='bbox 2350 1153 2479 1217; x_wconf 87' lang='grc' dir='ltr'><em>τοῦ</em></span> <span class='ocrx_word' id='word_1_56' title='bbox 2520 1142 2715 1236; x_wconf 78' lang='grc' dir='ltr'><strong><em>ἇγίου</em></strong></span> <span class='ocrx_word' id='word_1_57' title='bbox 2758 1145 3159 1235; x_wconf 87' lang='grc' dir='ltr'><strong><em>πνεύματος,</em></strong></span> <span class='ocrx_word' id='word_1_58' title='bbox 3204 1146 3315 1218; x_wconf 77' lang='grc' dir='ltr'><strong><em>διὰ</em></strong></span> 
     </span>
     <span class='ocr_line' id='line_1_8' title="bbox 820 1241 3315 1337; baseline 0 -21"><span class='ocrx_word' id='word_1_59' title='bbox 820 1254 1108 1318; x_wconf 78' lang='grc' dir='ltr'><strong><em>πολλῶν</em></strong></span> <span class='ocrx_word' id='word_1_60' title='bbox 1165 1254 1275 1316; x_wconf 88' lang='grc' dir='ltr'><strong><em>καὶ</em></strong></span> <span class='ocrx_word' id='word_1_61' title='bbox 1337 1243 1694 1337; x_wconf 90' lang='grc' dir='ltr'><strong><em>διαφόρων</em></strong></span> <span class='ocrx_word' id='word_1_62' title='bbox 1761 1248 2161 1336; x_wconf 75' lang='grc' dir='ltr'><strong><em>προσώπων</em></strong></span> <span class='ocrx_word' id='word_1_63' title='bbox 2224 1255 2310 1336; x_wconf 81' lang='grc' dir='ltr'><strong><em>τῇ</em></strong></span> <span class='ocrx_word' id='word_1_64' title='bbox 2372 1252 2500 1319; x_wconf 83' lang='grc' dir='ltr'><strong><em>τοῦ</em></strong></span> <span class='ocrx_word' id='word_1_65' title='bbox 2569 1241 2781 1335; x_wconf 82' lang='grc' dir='ltr'><strong><em>λόγου</em></strong></span> <span class='ocrx_word' id='word_1_66' title='bbox 2848 1245 3315 1335; x_wconf 77' lang='grc' dir='ltr'><strong><em>μαρτυρούσης</em></strong></span> 
     </span>
     <span class='ocr_line' id='line_1_9' title="bbox 819 1342 1184 1436; baseline 0 -20"><span class='ocrx_word' id='word_1_67' title='bbox 819 1342 1184 1436; x_wconf 86' lang='grc' dir='ltr'><strong><em>ἀιδιότητι,·</em></strong></span> 
     </span>
     <span class='ocr_line' id='line_1_10' title="bbox 693 1443 1059 1517; baseline 0.008 -3"><span class='ocrx_word' id='word_1_68' title='bbox 693 1453 804 1516; x_wconf 82' lang='grc' dir='ltr'><strong><em>καὶ</em></strong></span> <span class='ocrx_word' id='word_1_69' title='bbox 846 1443 1059 1517; x_wconf 83' lang='grc' dir='ltr'><strong><em>πάλιν</em></strong></span> 
     </span>
     <span class='ocr_line' id='line_1_11' title="bbox 591 1539 3313 1637; baseline 0.001 -25"><span class='ocrx_word' id='word_1_70' title='bbox 591 1559 660 1614; x_wconf 87' lang='grc'><strong><em>10</em></strong></span> <span class='ocrx_word' id='word_1_71' title='bbox 817 1549 955 1631; x_wconf 88' lang='lat' dir='ltr'>(Nr.</span> <span class='ocrx_word' id='word_1_72' title='bbox 1000 1551 1106 1632; x_wconf 88' lang='grc'><strong><em>48)</em></strong></span> <span class='ocrx_word' id='word_1_73' title='bbox 1168 1552 1282 1616; x_wconf 83' lang='grc' dir='ltr'><strong><em>καὶ</em></strong></span> <span class='ocrx_word' id='word_1_74' title='bbox 1333 1543 1441 1615; x_wconf 80' lang='grc' dir='ltr'><strong><em>διὰ</em></strong></span> <span class='ocrx_word' id='word_1_75' title='bbox 1495 1549 1709 1616; x_wconf 81' lang='grc' dir='ltr'><strong><em>τοῦτο</em></strong></span> <span class='ocrx_word' id='word_1_76' title='bbox 1763 1543 2039 1637; x_wconf 79' lang='grc' dir='ltr'><strong><em>ἄρχεται</em></strong></span> <span class='ocrx_word' id='word_1_77' title='bbox 2080 1553 2206 1635; x_wconf 81' lang='grc' dir='ltr'><strong><em>μὲν</em></strong></span> <span class='ocrx_word' id='word_1_78' title='bbox 2246 1550 2361 1620; x_wconf 65' lang='lat'><strong><em>63³</em></strong></span> <span class='ocrx_word' id='word_1_79' title='bbox 2406 1541 2543 1616; x_wconf 89' lang='grc' dir='ltr'><strong><em>ἀπὸ</em></strong></span> <span class='ocrx_word' id='word_1_80' title='bbox 2588 1550 2709 1634; x_wconf 83' lang='grc' dir='ltr'><strong><em>τῆς</em></strong></span> <span class='ocrx_word' id='word_1_81' title='bbox 2754 1539 3145 1634; x_wconf 73' lang='grc' dir='ltr'><strong><em>ἀιδιότητος</em></strong></span> <span class='ocrx_word' id='word_1_82' title='bbox 3188 1551 3313 1616; x_wconf 87' lang='grc' dir='ltr'><em>τοῦ</em></span> 
     </span>
     <span class='ocr_line' id='line_1_12' title="bbox 818 1635 3311 1735; baseline 0 -20"><span class='ocrx_word' id='word_1_83' title='bbox 818 1641 1053 1732; x_wconf 84' lang='grc' dir='ltr'><strong><em>λόγου,</em></strong></span> <span class='ocrx_word' id='word_1_84' title='bbox 1122 1649 1232 1716; x_wconf 77' lang='grc' dir='ltr'><strong><em>»ἐν</em></strong></span> <span class='ocrx_word' id='word_1_85' title='bbox 1277 1641 1442 1733; x_wconf 82' lang='grc' dir='ltr'><strong><em>ἀρχῇ</em></strong></span> <span class='ocrx_word' id='word_1_86' title='bbox 1486 1636 1576 1733; x_wconf 85' lang='grc' dir='ltr'><strong><em>ἦν</em></strong></span> <span class='ocrx_word' id='word_1_87' title='bbox 1617 1639 1657 1715; x_wconf 87' lang='lat'>6</span> <span class='ocrx_word' id='word_1_88' title='bbox 1719 1641 1957 1733; x_wconf 65' lang='grc' dir='ltr'><strong><em>λόγος(</em></strong></span> <span class='ocrx_word' id='word_1_89' title='bbox 2033 1653 2255 1735; x_wconf 85' lang='grc' dir='ltr'><strong><em>λέγων</em></strong></span> <span class='ocrx_word' id='word_1_90' title='bbox 2309 1653 2459 1716; x_wconf 74' lang='grc' dir='ltr'><strong><em>»καὶ</em></strong></span> <span class='ocrx_word' id='word_1_91' title='bbox 2510 1639 2548 1716; x_wconf 89' lang='lat'>6</span> <span class='ocrx_word' id='word_1_92' title='bbox 2594 1642 2799 1732; x_wconf 85' lang='grc' dir='ltr'><strong><em>λόγος</em></strong></span> <span class='ocrx_word' id='word_1_93' title='bbox 2842 1635 2927 1732; x_wconf 84' lang='grc' dir='ltr'><strong><em>ἦν</em></strong></span> <span class='ocrx_word' id='word_1_94' title='bbox 2970 1643 3141 1732; x_wconf 86' lang='grc' dir='ltr'><strong><em>πρὸς</em></strong></span> <span class='ocrx_word' id='word_1_95' title='bbox 3183 1643 3311 1715; x_wconf 90' lang='grc' dir='ltr'><strong><em>τὸν</em></strong></span> 
     </span>
     <span class='ocr_line' id='line_1_13' title="bbox 819 1735 3305 1836; baseline 0.001 -22"><span class='ocrx_word' id='word_1_96' title='bbox 819 1740 1003 1828; x_wconf 91' lang='grc' dir='ltr'><strong><em>θεόν,</em></strong></span> <span class='ocrx_word' id='word_1_97' title='bbox 1048 1751 1158 1815; x_wconf 84' lang='grc' dir='ltr'><strong><em>καὶ</em></strong></span> <span class='ocrx_word' id='word_1_98' title='bbox 1201 1743 1366 1826; x_wconf 86' lang='grc' dir='ltr'><strong><em>θεὸς</em></strong></span> <span class='ocrx_word' id='word_1_99' title='bbox 1409 1735 1496 1832; x_wconf 83' lang='grc' dir='ltr'><strong><em>ἦν</em></strong></span> <span class='ocrx_word' id='word_1_100' title='bbox 1537 1738 1577 1814; x_wconf 88' lang='lat'>6</span> <span class='ocrx_word' id='word_1_101' title='bbox 1629 1739 1889 1833; x_wconf 75' lang='grc' dir='ltr'><strong><em>λόγοςι.</em></strong></span> <span class='ocrx_word' id='word_1_102' title='bbox 1960 1754 2179 1833; x_wconf 85' lang='grc' dir='ltr'><strong><em>τρισὶν</em></strong></span> <span class='ocrx_word' id='word_1_103' title='bbox 2239 1743 2651 1836; x_wconf 79' lang='grc' dir='ltr'><strong><em>ἐπαλλήλοις</em></strong></span> <span class='ocrx_word' id='word_1_104' title='bbox 2700 1751 3095 1832; x_wconf 79' lang='grc' dir='ltr'><strong><em>μαρτυρίαις</em></strong></span> <span class='ocrx_word' id='word_1_105' title='bbox 3136 1743 3305 1833; x_wconf 83' lang='grc' dir='ltr'><strong><em>χρώ-</em></strong></span> 
     </span>
     <span class='ocr_line' id='line_1_14' title="bbox 811 1839 2773 1934; baseline -0.002 -20"><span class='ocrx_word' id='word_1_106' title='bbox 811 1871 1016 1930; x_wconf 86' lang='grc' dir='ltr'><strong><em>μενος</em></strong></span> <span class='ocrx_word' id='word_1_107' title='bbox 1058 1841 1189 1933; x_wconf 86' lang='grc' dir='ltr'><strong><em>τὴν</em></strong></span> <span class='ocrx_word' id='word_1_108' title='bbox 1233 1841 1589 1934; x_wconf 88' lang='grc' dir='ltr'><strong><em>ἀιδιότητα</em></strong></span> <span class='ocrx_word' id='word_1_109' title='bbox 1630 1850 1759 1915; x_wconf 81' lang='grc' dir='ltr'><strong><em>τοῦ</em></strong></span> <span class='ocrx_word' id='word_1_110' title='bbox 1799 1839 2011 1932; x_wconf 75' lang='grc' dir='ltr'><strong><em>λόγου</em></strong></span> <span class='ocrx_word' id='word_1_111' title='bbox 2054 1843 2397 1916; x_wconf 77' lang='grc' dir='ltr'><strong><em>δεικνύναι</em></strong></span> <span class='ocrx_word' id='word_1_112' title='bbox 2438 1843 2773 1928; x_wconf 84' lang='grc' dir='ltr'><strong><em>βούλεται.</em></strong></span> 
     </span>
    </p>
   </div>
   <div class='ocr_carea' id='block_1_3' title="bbox 691 1934 3409 2034">
    <p class='ocr_par' dir='ltr' id='par_1_3' title="bbox 691 1934 3409 2034">
     <span class='ocr_line' id='line_1_15' title="bbox 691 1934 3409 2034; baseline -0.001 -21"><span class='ocrx_word' id='word_1_113' title='bbox 691 1934 880 2024; x_wconf 76' lang='grc' dir='ltr'><strong><em>ὅπως</em></strong></span> <span class='ocrx_word' id='word_1_114' title='bbox 939 1949 1012 2014; x_wconf 81' lang='grc' dir='ltr'><strong><em>δὲ</em></strong></span> <span class='ocrx_word' id='word_1_115' title='bbox 1066 1939 1379 2032; x_wconf 79' lang='grc' dir='ltr'><strong><em>ἡνῶσθαι</em></strong></span> <span class='ocrx_word' id='word_1_116' title='bbox 1421 1951 1524 2034; x_wconf 82' lang='grc' dir='ltr'><strong><em>τῷ</em></strong></span> <span class='ocrx_word' id='word_1_117' title='bbox 1571 1950 1716 2033; x_wconf 81' lang='grc' dir='ltr'><strong><em>θεῷ</em></strong></span> <span class='ocrx_word' id='word_1_118' title='bbox 1761 1950 1874 2013; x_wconf 87' lang='grc' dir='ltr'><strong><em>καὶ</em></strong></span> <span class='ocrx_word' id='word_1_119' title='bbox 1917 1950 2423 2033; x_wconf 86' lang='grc' dir='ltr'><strong><em>συναγέννητον</em></strong></span> <span class='ocrx_word' id='word_1_120' title='bbox 2468 1945 2641 2015; x_wconf 84' lang='grc' dir='ltr'><strong><em>εἶναι</em></strong></span> <span class='ocrx_word' id='word_1_121' title='bbox 2684 1940 2873 2032; x_wconf 80' lang='grc' dir='ltr'><strong><em>αύτῷ</em></strong></span> <span class='ocrx_word' id='word_1_122' title='bbox 2923 1940 3051 2012; x_wconf 89' lang='grc' dir='ltr'><strong><em>τὸν</em></strong></span> <span class='ocrx_word' id='word_1_123' title='bbox 3096 1939 3305 2030; x_wconf 91' lang='grc' dir='ltr'><strong><em>λόγον</em></strong></span> <span class='ocrx_word' id='word_1_124' title='bbox 3374 1958 3409 2010; x_wconf 85' lang='grc'>4</span> 
     </span>
    </p>
   </div>
   <div class='ocr_carea' id='block_1_4' title="bbox 589 2035 3303 2430">
    <p class='ocr_par' dir='ltr' id='par_1_4' title="bbox 589 2035 3303 2430">
     <span class='ocr_line' id='line_1_16' title="bbox 589 2035 2731 2132; baseline 0.002 -22"><span class='ocrx_word' id='word_1_125' title='bbox 589 2058 653 2112; x_wconf 88' lang='lat'><strong><em>15</em></strong></span> <span class='ocrx_word' id='word_1_126' title='bbox 690 2045 998 2128; x_wconf 74' lang='grc' dir='ltr'><strong><em>ἔφασκεν,</em></strong></span> <span class='ocrx_word' id='word_1_127' title='bbox 1042 2039 1374 2130; x_wconf 78' lang='grc' dir='ltr'><strong><em>πάρεστιν</em></strong></span> <span class='ocrx_word' id='word_1_128' title='bbox 1415 2040 1629 2115; x_wconf 82' lang='grc' dir='ltr'><strong><em>αύτοῦ</em></strong></span> <span class='ocrx_word' id='word_1_129' title='bbox 1671 2047 2038 2114; x_wconf 82' lang='grc' dir='ltr'><strong><em>ἐπακοῦσαι</em></strong></span> <span class='ocrx_word' id='word_1_130' title='bbox 2084 2035 2222 2114; x_wconf 79' lang='grc' dir='ltr'><strong><em>ῶδέ</em></strong></span> <span class='ocrx_word' id='word_1_131' title='bbox 2262 2071 2357 2131; x_wconf 87' lang='grc' dir='ltr'><strong><em>πη</em></strong></span> <span class='ocrx_word' id='word_1_132' title='bbox 2404 2048 2731 2132; x_wconf 87' lang='grc' dir='ltr'><strong><em>λέγοντος</em></strong></span> 
     </span>
     <span class='ocr_line' id='line_1_17' title="bbox 813 2139 3303 2232; baseline -0.001 -20"><span class='ocrx_word' id='word_1_133' title='bbox 813 2145 952 2228; x_wconf 86' lang='lat' dir='ltr'><strong>(Nr.</strong></span> <span class='ocrx_word' id='word_1_134' title='bbox 995 2149 1099 2231; x_wconf 89' lang='grc'><strong><em>61)</em></strong></span> <span class='ocrx_word' id='word_1_135' title='bbox 1153 2139 1285 2232; x_wconf 80' lang='grc' dir='ltr'><strong><em>τὴν</em></strong></span> <span class='ocrx_word' id='word_1_136' title='bbox 1325 2149 1450 2230; x_wconf 82' lang='grc' dir='ltr'><strong><em>μὲν</em></strong></span> <span class='ocrx_word' id='word_1_137' title='bbox 1490 2140 1666 2213; x_wconf 76' lang='grc' dir='ltr'><strong><em>κατὰ</em></strong></span> <span class='ocrx_word' id='word_1_138' title='bbox 1709 2139 1922 2229; x_wconf 84' lang='grc' dir='ltr'><strong><em>σάρκα</em></strong></span> <span class='ocrx_word' id='word_1_139' title='bbox 1966 2148 2365 2231; x_wconf 78' lang='grc' dir='ltr'><strong><em>οἰκονομίαν</em></strong></span> <span class='ocrx_word' id='word_1_140' title='bbox 2408 2149 2513 2232; x_wconf 82' lang='grc' dir='ltr'><strong><em>τῷ</em></strong></span> <span class='ocrx_word' id='word_1_141' title='bbox 2556 2139 2915 2232; x_wconf 87' lang='grc' dir='ltr'><strong><em>ἀνθρώπῳ</em></strong></span> <span class='ocrx_word' id='word_1_142' title='bbox 2961 2147 3303 2229; x_wconf 77' lang='grc' dir='ltr'><strong><em>διαφέρειν</em></strong></span> 
     </span>
     <span class='ocr_line' id='line_1_18' title="bbox 808 2237 3303 2332; baseline -0 -21"><span class='ocrx_word' id='word_1_143' title='bbox 808 2241 1256 2330; x_wconf 76' lang='grc' dir='ltr'><strong><em>γινώσκομεν,</em></strong></span> <span class='ocrx_word' id='word_1_144' title='bbox 1319 2241 1451 2332; x_wconf 85' lang='grc' dir='ltr'><strong><em>τὴν</em></strong></span> <span class='ocrx_word' id='word_1_145' title='bbox 1511 2248 1586 2313; x_wconf 81' lang='grc' dir='ltr'><strong><em>δὲ</em></strong></span> <span class='ocrx_word' id='word_1_146' title='bbox 1644 2241 1819 2312; x_wconf 79' lang='grc' dir='ltr'><strong><em>κατὰ</em></strong></span> <span class='ocrx_word' id='word_1_147' title='bbox 1861 2249 2125 2330; x_wconf 83' lang='grc' dir='ltr'><strong><em>πνεῦμα</em></strong></span> <span class='ocrx_word' id='word_1_148' title='bbox 2166 2237 2525 2331; x_wconf 75' lang='grc' dir='ltr'><strong><em>ἀιδιότητα</em></strong></span> <span class='ocrx_word' id='word_1_149' title='bbox 2578 2239 2893 2331; x_wconf 78' lang='grc' dir='ltr'><strong><em>ἡνῶσθαι</em></strong></span> <span class='ocrx_word' id='word_1_150' title='bbox 2944 2247 3046 2330; x_wconf 82' lang='grc' dir='ltr'><strong><em>τῷ</em></strong></span> <span class='ocrx_word' id='word_1_151' title='bbox 3092 2247 3303 2328; x_wconf 79' lang='grc' dir='ltr'><strong><em>πατρὶ</em></strong></span> 
     </span>
     <span class='ocr_line' id='line_1_19' title="bbox 807 2339 1448 2430; baseline -0.003 -16"><span class='ocrx_word' id='word_1_152' title='bbox 807 2339 1359 2430; x_wconf 86' lang='grc' dir='ltr'><strong><em>πεπιστεύκαμεν.</em></strong></span> <span class='ocrx_word' id='word_1_153' title='bbox 1437 2351 1448 2426; x_wconf 94' lang='grc' dir='ltr'>Ι</span> 
     </span>
    </p>
   </div>
   <div class='ocr_carea' id='block_1_5' title="bbox 3346 2355 3453 2411">
    <p class='ocr_par' dir='ltr' id='par_1_5' title="bbox 3346 2355 3453 2411">
     <span class='ocr_line' id='line_1_20' title="bbox 3346 2355 3453 2411; baseline 0 -1"><span class='ocrx_word' id='word_1_154' title='bbox 3346 2355 3453 2411; x_wconf 82' lang='grc'><strong><em>107</em></strong></span> 
     </span>
    </p>
   </div>
   <div class='ocr_carea' id='block_1_6' title="bbox 849 2437 3600 2532">
    <p class='ocr_par' dir='ltr' id='par_1_6' title="bbox 849 2437 3600 2532">
     <span class='ocr_line' id='line_1_21' title="bbox 849 2437 3600 2532; baseline -0.001 -20"><span class='ocrx_word' id='word_1_155' title='bbox 849 2446 898 2512; x_wconf 83' lang='lat'>4</span> <span class='ocrx_word' id='word_1_156' title='bbox 958 2447 1213 2513; x_wconf 82' lang='grc' dir='ltr'><strong><em>τοῦτον</em></strong></span> <span class='ocrx_word' id='word_1_157' title='bbox 1259 2440 1342 2530; x_wconf 84' lang='grc' dir='ltr'><strong><em>δὴ</em></strong></span> <span class='ocrx_word' id='word_1_158' title='bbox 1387 2439 1516 2512; x_wconf 92' lang='grc' dir='ltr'><strong><em>τὸν</em></strong></span> <span class='ocrx_word' id='word_1_159' title='bbox 1557 2437 1824 2529; x_wconf 88' lang='grc' dir='ltr'><strong><em>τρόπον</em></strong></span> <span class='ocrx_word' id='word_1_160' title='bbox 1864 2445 1952 2512; x_wconf 87' lang='grc' dir='ltr'><strong><em>ἐν</em></strong></span> <span class='ocrx_word' id='word_1_161' title='bbox 1996 2449 2099 2532; x_wconf 82' lang='grc' dir='ltr'><strong><em>τῷ</em></strong></span> <span class='ocrx_word' id='word_1_162' title='bbox 2145 2448 2291 2532; x_wconf 85' lang='grc' dir='ltr'><strong><em>θεῷ</em></strong></span> <span class='ocrx_word' id='word_1_163' title='bbox 2336 2439 2497 2524; x_wconf 75' lang='grc' dir='ltr'><strong><em>δοὺς</em></strong></span> <span class='ocrx_word' id='word_1_164' title='bbox 2547 2442 2720 2514; x_wconf 85' lang='grc' dir='ltr'><strong><em>εἶναι</em></strong></span> <span class='ocrx_word' id='word_1_165' title='bbox 2763 2438 2893 2512; x_wconf 90' lang='grc' dir='ltr'><strong><em>τὸν</em></strong></span> <span class='ocrx_word' id='word_1_166' title='bbox 2936 2438 3173 2528; x_wconf 88' lang='grc' dir='ltr'><strong><em>λόγον,</em></strong></span> <span class='ocrx_word' id='word_1_167' title='bbox 3226 2443 3302 2510; x_wconf 80' lang='grc' dir='ltr'><strong><em>ἓν</em></strong></span> <span class='ocrx_word' id='word_1_168' title='bbox 3376 2451 3521 2520; x_wconf 78' lang='grc' dir='ltr'><strong><em>ὅπως</em></strong></span> <span class='ocrx_word' id='word_1_169' title='bbox 3549 2449 3600 2510; x_wconf 79' lang='grc' dir='ltr'><strong><em>ἓν</em></strong></span> 
     </span>
    </p>
   </div>
   <div class='ocr_carea' id='block_1_7' title="bbox 581 2531 3201 2658">
    <p class='ocr_par' dir='ltr' id='par_1_7' title="bbox 581 2531 3201 2658">
     <span class='ocr_line' id='line_1_22' title="bbox 581 2531 3201 2658; baseline 0.002 -52"><span class='ocrx_word' id='word_1_170' title='bbox 581 2551 648 2606; x_wconf 79' lang='lat'><strong><em>20</em></strong></span> <span class='ocrx_word' id='word_1_171' title='bbox 681 2548 793 2611; x_wconf 88' lang='grc' dir='ltr'><strong><em>καὶ</em></strong></span> <span class='ocrx_word' id='word_1_172' title='bbox 838 2537 1100 2611; x_wconf 73' lang='grc' dir='ltr'><strong><em>ταύτὸν</em></strong></span> <span class='ocrx_word' id='word_1_173' title='bbox 1142 2542 1314 2611; x_wconf 80' lang='grc' dir='ltr'><strong><em>εἶναι</em></strong></span> <span class='ocrx_word' id='word_1_174' title='bbox 1357 2537 1548 2630; x_wconf 82' lang='grc' dir='ltr'><strong><em>αυτῷ</em></strong></span> <span class='ocrx_word' id='word_1_175' title='bbox 1595 2542 1746 2631; x_wconf 75' lang='grc' dir='ltr'><strong><em>ἑξῆς</em></strong></span> <span class='ocrx_word' id='word_1_176' title='bbox 1789 2538 2249 2628; x_wconf 84' lang='grc' dir='ltr'><strong><em>ἀποφαίνεται</em></strong></span> <span class='ocrx_word' id='word_1_177' title='bbox 2289 2540 2466 2612; x_wconf 82' lang='grc' dir='ltr'><strong><em>κατὰ</em></strong></span> <span class='ocrx_word' id='word_1_178' title='bbox 2512 2547 2695 2628; x_wconf 74' lang='grc' dir='ltr'><strong><em>λέξιν</em></strong></span> <span class='ocrx_word' id='word_1_179' title='bbox 2740 2531 2873 2611; x_wconf 89' lang='grc' dir='ltr'><strong><em>ωδε</em></strong></span> <span class='ocrx_word' id='word_1_180' title='bbox 2915 2537 3201 2658; x_wconf 80' lang='grc' dir='ltr'><strong><em>γράφων</em></strong></span> 
     </span>
    </p>
   </div>
   <div class='ocr_carea' id='block_1_8' title="bbox 3336 2520 3639 2648">
    <p class='ocr_par' dir='ltr' id='par_1_8' title="bbox 3336 2520 3639 2648">
     <span class='ocr_line' id='line_1_23' title="bbox 3336 2520 3639 2579; baseline -0.01 0"><span class='ocrx_word' id='word_1_181' title='bbox 3336 2527 3437 2579; x_wconf 78' lang='grc' dir='ltr'><strong><em>καὶ</em></strong></span> <span class='ocrx_word' id='word_1_182' title='bbox 3460 2520 3639 2579; x_wconf 71' lang='grc' dir='ltr'><strong><em>ταύτὸν</em></strong></span> 
     </span>
     <span class='ocr_line' id='line_1_24' title="bbox 3362 2587 3620 2648; baseline -0.027 0"><span class='ocrx_word' id='word_1_183' title='bbox 3362 2587 3501 2648; x_wconf 80' lang='grc' dir='ltr'><strong><em>εἶναι</em></strong></span> <span class='ocrx_word' id='word_1_184' title='bbox 3536 2587 3620 2644; x_wconf 77' lang='grc' dir='ltr'><strong><em>τὸν</em></strong></span> 
     </span>
    </p>
   </div>
   <div class='ocr_carea' id='block_1_9' title="bbox 811 2635 3637 2730">
    <p class='ocr_par' dir='ltr' id='par_1_9' title="bbox 811 2635 3637 2730">
     <span class='ocr_line' id='line_1_25' title="bbox 811 2635 3637 2730; baseline -0.001 -20"><span class='ocrx_word' id='word_1_185' title='bbox 811 2643 952 2728; x_wconf 88' lang='lat' dir='ltr'>(Nr.</span> <span class='ocrx_word' id='word_1_186' title='bbox 995 2646 1101 2724; x_wconf 87' lang='lat'><strong><em>62)</em></strong></span> <span class='ocrx_word' id='word_1_187' title='bbox 1163 2645 1220 2711; x_wconf 86' lang='grc' dir='ltr'><strong><em>εἰ</em></strong></span> <span class='ocrx_word' id='word_1_188' title='bbox 1261 2647 1384 2728; x_wconf 83' lang='grc' dir='ltr'><strong><em>μὲν</em></strong></span> <span class='ocrx_word' id='word_1_189' title='bbox 1427 2641 1554 2730; x_wconf 85' lang='grc' dir='ltr'><strong><em>γὰρ</em></strong></span> <span class='ocrx_word' id='word_1_190' title='bbox 1599 2636 1640 2730; x_wconf 86' lang='grc' dir='ltr'><em>ἦ</em></span> <span class='ocrx_word' id='word_1_191' title='bbox 1684 2646 1811 2711; x_wconf 82' lang='grc' dir='ltr'><strong><em>τοῦ</em></strong></span> <span class='ocrx_word' id='word_1_192' title='bbox 1852 2638 2240 2729; x_wconf 86' lang='grc' dir='ltr'><strong><em>πνεύματος</em></strong></span> <span class='ocrx_word' id='word_1_193' title='bbox 2294 2646 2587 2727; x_wconf 76' lang='grc' dir='ltr'><strong><em>ἐξέτασις</em></strong></span> <span class='ocrx_word' id='word_1_194' title='bbox 2638 2646 2946 2729; x_wconf 91' lang='grc' dir='ltr'><strong><em>γίγνοιτο</em></strong></span> <span class='ocrx_word' id='word_1_195' title='bbox 2986 2635 3181 2728; x_wconf 89' lang='grc' dir='ltr'><strong><em>μόνη,</em></strong></span> <span class='ocrx_word' id='word_1_196' title='bbox 3226 2641 3301 2710; x_wconf 75' lang='grc' dir='ltr'><strong><em>ἓν</em></strong></span> <span class='ocrx_word' id='word_1_197' title='bbox 3337 2661 3505 2730; x_wconf 71' lang='grc' dir='ltr'><strong><em>λόγον</em></strong></span> <span class='ocrx_word' id='word_1_198' title='bbox 3560 2658 3637 2710; x_wconf 78' lang='grc' dir='ltr'><strong><em>καὶ</em></strong></span> 
     </span>
    </p>
   </div>
   <div class='ocr_carea' id='block_1_10' title="bbox 568 2735 3299 4219">
    <p class='ocr_par' dir='ltr' id='par_1_10' title="bbox 568 2735 3299 4219">
     <span class='ocr_line' id='line_1_26' title="bbox 805 2735 3297 2831; baseline 0 -22"><span class='ocrx_word' id='word_1_199' title='bbox 805 2744 918 2811; x_wconf 85' lang='grc' dir='ltr'><strong><em>καὶ</em></strong></span> <span class='ocrx_word' id='word_1_200' title='bbox 963 2735 1224 2811; x_wconf 84' lang='grc' dir='ltr'><strong><em>ταύτὸν</em></strong></span> <span class='ocrx_word' id='word_1_201' title='bbox 1269 2735 1620 2824; x_wconf 86' lang='grc' dir='ltr'><strong><em>εἰκότως</em></strong></span> <span class='ocrx_word' id='word_1_202' title='bbox 1598 2737 1684 2811; x_wconf 79' lang='grc' dir='ltr'><strong><em>ἂν</em></strong></span> <span class='ocrx_word' id='word_1_203' title='bbox 1727 2735 1766 2812; x_wconf 87' lang='lat'>6</span> <span class='ocrx_word' id='word_1_204' title='bbox 1811 2736 2015 2830; x_wconf 88' lang='grc' dir='ltr'><strong><em>λόγος</em></strong></span> <span class='ocrx_word' id='word_1_205' title='bbox 2057 2742 2233 2813; x_wconf 83' lang='grc' dir='ltr'><strong><em>εἶναι</em></strong></span> <span class='ocrx_word' id='word_1_206' title='bbox 2274 2747 2377 2828; x_wconf 84' lang='grc' dir='ltr'><strong><em>τῷ</em></strong></span> <span class='ocrx_word' id='word_1_207' title='bbox 2424 2747 2569 2831; x_wconf 83' lang='grc' dir='ltr'><strong><em>θεῷ</em></strong></span> <span class='ocrx_word' id='word_1_208' title='bbox 2618 2747 2965 2827; x_wconf 90' lang='grc' dir='ltr'><strong><em>φαίνοιτο·</em></strong></span> <span class='ocrx_word' id='word_1_209' title='bbox 3038 2743 3097 2811; x_wconf 90' lang='grc' dir='ltr'><strong><em>εἰ</em></strong></span> <span class='ocrx_word' id='word_1_210' title='bbox 3140 2743 3213 2810; x_wconf 85' lang='grc' dir='ltr'><strong><em>δὲ</em></strong></span> <span class='ocrx_word' id='word_1_211' title='bbox 3254 2767 3297 2829; x_wconf 91' lang='grc' dir='ltr'><strong><em>η</em></strong></span> 
     </span>
     <span class='ocr_line' id='line_1_27' title="bbox 805 2834 3299 2955; baseline 0 -46"><span class='ocrx_word' id='word_1_212' title='bbox 805 2838 981 2911; x_wconf 83' lang='grc' dir='ltr'><strong><em>κατὰ</em></strong></span> <span class='ocrx_word' id='word_1_213' title='bbox 1037 2836 1252 2927; x_wconf 79' lang='grc' dir='ltr'><strong><em>σάρκα</em></strong></span> <span class='ocrx_word' id='word_1_214' title='bbox 1302 2837 1666 2930; x_wconf 85' lang='grc' dir='ltr'><strong><em>προσθήκη</em></strong></span> <span class='ocrx_word' id='word_1_215' title='bbox 1729 2844 1839 2911; x_wconf 79' lang='grc' dir='ltr'><strong><em>ἐπὶ</em></strong></span> <span class='ocrx_word' id='word_1_216' title='bbox 1900 2847 2029 2911; x_wconf 83' lang='grc' dir='ltr'><strong><em>τοῦ</em></strong></span> <span class='ocrx_word' id='word_1_217' title='bbox 2078 2848 2392 2931; x_wconf 82' lang='grc' dir='ltr'><strong><em>σωτῆρος</em></strong></span> <span class='ocrx_word' id='word_1_218' title='bbox 2442 2837 2856 2927; x_wconf 75' lang='grc' dir='ltr'><strong><em>ἐξετάζοιτο,</em></strong></span> <span class='ocrx_word' id='word_1_219' title='bbox 2866 2842 3213 2955; x_wconf 80' lang='grc' dir='ltr'><strong><em>ἐνεργείᾳ</em></strong></span> <span class='ocrx_word' id='word_1_220' title='bbox 3258 2834 3299 2927; x_wconf 84' lang='grc' dir='ltr'><em>ἦ</em></span> 
     </span>
     <span class='ocr_line' id='line_1_28' title="bbox 804 2930 3299 3027; baseline -0 -18"><span class='ocrx_word' id='word_1_221' title='bbox 804 2935 1056 3027; x_wconf 89' lang='grc' dir='ltr'><strong><em>θεότης</em></strong></span> <span class='ocrx_word' id='word_1_222' title='bbox 1097 2936 1273 3027; x_wconf 79' lang='grc' dir='ltr'><strong><em>μόνῃ</em></strong></span> <span class='ocrx_word' id='word_1_223' title='bbox 1317 2938 1781 3010; x_wconf 89' lang='grc' dir='ltr'><strong><em>πλατύνεσθαι</em></strong></span> <span class='ocrx_word' id='word_1_224' title='bbox 1825 2945 2030 3011; x_wconf 83' lang='grc' dir='ltr'><strong><em>δοκεῖ·</em></strong></span> <span class='ocrx_word' id='word_1_225' title='bbox 2076 2962 2257 3010; x_wconf 87' lang='grc' dir='ltr'><strong><em>ωστε</em></strong></span> <span class='ocrx_word' id='word_1_226' title='bbox 2294 2935 2581 3021; x_wconf 85' lang='grc' dir='ltr'><strong><em>εἰκότως</em></strong></span> <span class='ocrx_word' id='word_1_227' title='bbox 2609 2967 2825 3027; x_wconf 90' lang='grc' dir='ltr'><strong><em>μονας</em></strong></span> <span class='ocrx_word' id='word_1_228' title='bbox 2854 2930 3083 3021; x_wconf 81' lang='grc' dir='ltr'><strong><em>ὅντως</em></strong></span> <span class='ocrx_word' id='word_1_229' title='bbox 3112 2941 3299 3009; x_wconf 85' lang='grc' dir='ltr'><strong><em>ἐστὶν</em></strong></span> 
     </span>
     <span class='ocr_line' id='line_1_29' title="bbox 575 3034 1197 3128; baseline 0.015 -25"><span class='ocrx_word' id='word_1_230' title='bbox 575 3049 644 3104; x_wconf 81' lang='grc'><strong><em>25</em></strong></span> <span class='ocrx_word' id='word_1_231' title='bbox 803 3034 1197 3128; x_wconf 86' lang='grc' dir='ltr'><strong><em>ἀδιαίρετος</em></strong></span> 
     </span>
     <span class='ocr_line' id='line_1_30' title="bbox 679 3134 1602 3228; baseline 0 -19"><span class='ocrx_word' id='word_1_232' title='bbox 679 3144 789 3209; x_wconf 89' lang='grc' dir='ltr'><strong><em>καὶ</em></strong></span> <span class='ocrx_word' id='word_1_233' title='bbox 833 3134 1043 3210; x_wconf 79' lang='grc' dir='ltr'><strong><em>πάλιν</em></strong></span> <span class='ocrx_word' id='word_1_234' title='bbox 1083 3139 1354 3227; x_wconf 80' lang='grc' dir='ltr'><strong><em>προϊών</em></strong></span> <span class='ocrx_word' id='word_1_235' title='bbox 1395 3161 1602 3228; x_wconf 88' lang='grc' dir='ltr'><strong><em>φησιν</em></strong></span> 
     </span>
     <span class='ocr_line' id='line_1_31' title="bbox 808 3232 3297 3328; baseline 0 -21"><span class='ocrx_word' id='word_1_236' title='bbox 808 3240 947 3323; x_wconf 87' lang='lat' dir='ltr'><strong>(Nr.</strong></span> <span class='ocrx_word' id='word_1_237' title='bbox 995 3242 1100 3326; x_wconf 89' lang='grc'><strong><em>64)</em></strong></span> <span class='ocrx_word' id='word_1_238' title='bbox 1163 3236 1246 3309; x_wconf 84' lang='grc' dir='ltr'><strong><em>ού</em></strong></span> <span class='ocrx_word' id='word_1_239' title='bbox 1303 3237 1430 3309; x_wconf 80' lang='grc' dir='ltr'><strong><em>διὰ</em></strong></span> <span class='ocrx_word' id='word_1_240' title='bbox 1490 3238 1639 3328; x_wconf 84' lang='grc' dir='ltr'><strong><em>τὴν</em></strong></span> <span class='ocrx_word' id='word_1_241' title='bbox 1697 3244 1781 3310; x_wconf 89' lang='grc' dir='ltr'><strong><em>ἐν</em></strong></span> <span class='ocrx_word' id='word_1_242' title='bbox 1842 3232 2139 3309; x_wconf 71' lang='grc' dir='ltr'><strong><em>ἅπασιν</em></strong></span> <span class='ocrx_word' id='word_1_243' title='bbox 2200 3232 2325 3310; x_wconf 81' lang='grc' dir='ltr'><strong><em>οὖν</em></strong></span> <span class='ocrx_word' id='word_1_244' title='bbox 2387 3237 2661 3327; x_wconf 90' lang='grc' dir='ltr'><strong><em>λόγοις</em></strong></span> <span class='ocrx_word' id='word_1_245' title='bbox 2721 3266 2806 3307; x_wconf 93' lang='grc' dir='ltr'><strong><em>τε</em></strong></span> <span class='ocrx_word' id='word_1_246' title='bbox 2858 3245 2989 3309; x_wconf 88' lang='grc' dir='ltr'><strong><em>καὶ</em></strong></span> <span class='ocrx_word' id='word_1_247' title='bbox 3033 3241 3297 3327; x_wconf 81' lang='grc' dir='ltr'><strong><em>ἔργοις</em></strong></span> 
     </span>
     <span class='ocr_line' id='line_1_32' title="bbox 803 3333 3293 3429; baseline 0.001 -22"><span class='ocrx_word' id='word_1_248' title='bbox 803 3333 1089 3427; x_wconf 84' lang='grc' dir='ltr'><strong><em>ἀκριβῆ</em></strong></span> <span class='ocrx_word' id='word_1_249' title='bbox 1135 3346 1630 3427; x_wconf 90' lang='grc' dir='ltr'><strong><em>συμφωνίαν,</em></strong></span> <span class='ocrx_word' id='word_1_250' title='bbox 1692 3334 1790 3419; x_wconf 82' lang='grc' dir='ltr'><strong><em>ώς</em></strong></span> <span class='ocrx_word' id='word_1_251' title='bbox 1831 3333 2165 3429; x_wconf 79' lang='grc' dir='ltr'><strong><em>Ἀστέριος</em></strong></span> <span class='ocrx_word' id='word_1_252' title='bbox 2210 3340 2367 3428; x_wconf 78' lang='grc' dir='ltr'><strong><em>ἔφη,</em></strong></span> <span class='ocrx_word' id='word_1_253' title='bbox 2431 3333 2471 3410; x_wconf 87' lang='lat'>6</span> <span class='ocrx_word' id='word_1_254' title='bbox 2526 3336 2798 3428; x_wconf 85' lang='grc' dir='ltr'><strong><em>σωτὴρ</em></strong></span> <span class='ocrx_word' id='word_1_255' title='bbox 2845 3343 3057 3425; x_wconf 83' lang='grc' dir='ltr'><strong><em>λέγει</em></strong></span> <span class='ocrx_word' id='word_1_256' title='bbox 3103 3338 3293 3426; x_wconf 72' lang='grc' dir='ltr'><strong><em>»ἐγώ</em></strong></span> 
     </span>
     <span class='ocr_line' id='line_1_33' title="bbox 801 3431 3299 3525; baseline 0 -18"><span class='ocrx_word' id='word_1_257' title='bbox 801 3444 932 3507; x_wconf 81' lang='grc' dir='ltr'><strong><em>καὶ</em></strong></span> <span class='ocrx_word' id='word_1_258' title='bbox 993 3432 1031 3507; x_wconf 87' lang='lat'>6</span> <span class='ocrx_word' id='word_1_259' title='bbox 1084 3436 1346 3525; x_wconf 85' lang='grc' dir='ltr'><strong><em>πατὴρ</em></strong></span> <span class='ocrx_word' id='word_1_260' title='bbox 1403 3466 1484 3507; x_wconf 90' lang='grc' dir='ltr'><strong><em>εν</em></strong></span> <span class='ocrx_word' id='word_1_261' title='bbox 1545 3442 1841 3525; x_wconf 66' lang='grc' dir='ltr'><strong><em>ἐσμενι·</em></strong></span> <span class='ocrx_word' id='word_1_262' title='bbox 1910 3434 2086 3510; x_wconf 83' lang='grc' dir='ltr'><strong><em>ἀλλὰ</em></strong></span> <span class='ocrx_word' id='word_1_263' title='bbox 2146 3436 2325 3510; x_wconf 89' lang='grc' dir='ltr'><strong><em>διότι</em></strong></span> <span class='ocrx_word' id='word_1_264' title='bbox 2386 3434 2730 3510; x_wconf 86' lang='grc' dir='ltr'><strong><em>ἀδύνατόν</em></strong></span> <span class='ocrx_word' id='word_1_265' title='bbox 2772 3440 2957 3508; x_wconf 86' lang='grc' dir='ltr'><strong><em>ἐστιν</em></strong></span> <span class='ocrx_word' id='word_1_266' title='bbox 2999 3431 3043 3525; x_wconf 79' lang='grc' dir='ltr'><em>ἢ</em></span> <span class='ocrx_word' id='word_1_267' title='bbox 3087 3434 3299 3525; x_wconf 89' lang='grc' dir='ltr'><strong><em>λόγον</em></strong></span> 
     </span>
     <span class='ocr_line' id='line_1_34' title="bbox 575 3531 2416 3626; baseline 0.003 -25"><span class='ocrx_word' id='word_1_268' title='bbox 575 3546 644 3602; x_wconf 86' lang='grc'><strong><em>30</em></strong></span> <span class='ocrx_word' id='word_1_269' title='bbox 803 3542 971 3607; x_wconf 82' lang='grc' dir='ltr'><strong><em>θεοῦ</em></strong></span> <span class='ocrx_word' id='word_1_270' title='bbox 1011 3531 1056 3625; x_wconf 79' lang='grc' dir='ltr'><em>ἢ</em></span> <span class='ocrx_word' id='word_1_271' title='bbox 1100 3534 1270 3607; x_wconf 87' lang='grc' dir='ltr'><strong><em>θεὸν</em></strong></span> <span class='ocrx_word' id='word_1_272' title='bbox 1312 3543 1439 3608; x_wconf 84' lang='grc' dir='ltr'><strong><em>τοῦ</em></strong></span> <span class='ocrx_word' id='word_1_273' title='bbox 1483 3538 1726 3608; x_wconf 67' lang='grc' dir='ltr'><strong><em>ἑαυτοῦ</em></strong></span> <span class='ocrx_word' id='word_1_274' title='bbox 1765 3544 2149 3626; x_wconf 74' lang='grc' dir='ltr'><strong><em>μερίζεσθαι</em></strong></span> <span class='ocrx_word' id='word_1_275' title='bbox 2196 3534 2416 3625; x_wconf 90' lang='grc' dir='ltr'><strong><em>λόγου.</em></strong></span> 
     </span>
     <span class='ocr_line' id='line_1_35' title="bbox 676 3627 3299 3726; baseline 0.001 -23"><span class='ocrx_word' id='word_1_276' title='bbox 676 3639 733 3704; x_wconf 86' lang='grc' dir='ltr'><strong><em>εἰ</em></strong></span> <span class='ocrx_word' id='word_1_277' title='bbox 775 3634 860 3724; x_wconf 84' lang='grc' dir='ltr'><strong><em>δὴ</em></strong></span> <span class='ocrx_word' id='word_1_278' title='bbox 907 3627 1031 3705; x_wconf 79' lang='grc' dir='ltr'><strong><em>οὖν</em></strong></span> <span class='ocrx_word' id='word_1_279' title='bbox 1074 3638 1148 3705; x_wconf 78' lang='grc' dir='ltr'><strong><em>ἓν</em></strong></span> <span class='ocrx_word' id='word_1_280' title='bbox 1189 3642 1302 3705; x_wconf 82' lang='grc' dir='ltr'><strong><em>καὶ</em></strong></span> <span class='ocrx_word' id='word_1_281' title='bbox 1345 3634 1605 3707; x_wconf 76' lang='grc' dir='ltr'><strong><em>ταύτὸν</em></strong></span> <span class='ocrx_word' id='word_1_282' title='bbox 1647 3627 1734 3725; x_wconf 83' lang='grc' dir='ltr'><strong><em>ἦν</em></strong></span> <span class='ocrx_word' id='word_1_283' title='bbox 1777 3632 1815 3709; x_wconf 85' lang='lat'>6</span> <span class='ocrx_word' id='word_1_284' title='bbox 1860 3635 2023 3719; x_wconf 89' lang='grc' dir='ltr'><strong><em>θεὸς</em></strong></span> <span class='ocrx_word' id='word_1_285' title='bbox 2072 3643 2186 3707; x_wconf 83' lang='grc' dir='ltr'><strong><em>καὶ</em></strong></span> <span class='ocrx_word' id='word_1_286' title='bbox 2230 3632 2268 3707; x_wconf 90' lang='lat'>6</span> <span class='ocrx_word' id='word_1_287' title='bbox 2314 3641 2389 3707; x_wconf 86' lang='grc' dir='ltr'><strong><em>ἐν</em></strong></span> <span class='ocrx_word' id='word_1_288' title='bbox 2430 3634 2620 3726; x_wconf 77' lang='grc' dir='ltr'><strong><em>αὐτῷ</em></strong></span> <span class='ocrx_word' id='word_1_289' title='bbox 2668 3633 2902 3725; x_wconf 88' lang='grc' dir='ltr'><strong><em>λόγος,</em></strong></span> <span class='ocrx_word' id='word_1_290' title='bbox 2966 3632 3064 3719; x_wconf 88' lang='grc' dir='ltr'><strong><em>ώς</em></strong></span> <span class='ocrx_word' id='word_1_291' title='bbox 3110 3642 3299 3709; x_wconf 77' lang='grc' dir='ltr'><strong><em>δοκεῖ</em></strong></span> 
     </span>
     <span class='ocr_line' id='line_1_36' title="bbox 674 3730 3291 3827; baseline 0.001 -24"><span class='ocrx_word' id='word_1_292' title='bbox 674 3740 1088 3824; x_wconf 82' lang='grc' dir='ltr'><strong><em>Μαρκέλλῳ,</em></strong></span> <span class='ocrx_word' id='word_1_293' title='bbox 1152 3730 1190 3806; x_wconf 93' lang='lat'>6</span> <span class='ocrx_word' id='word_1_294' title='bbox 1252 3740 1326 3805; x_wconf 84' lang='grc' dir='ltr'><strong><em>ἐν</em></strong></span> <span class='ocrx_word' id='word_1_295' title='bbox 1387 3742 1474 3823; x_wconf 82' lang='grc' dir='ltr'><strong><em>τῇ</em></strong></span> <span class='ocrx_word' id='word_1_296' title='bbox 1535 3731 1688 3827; x_wconf 81' lang='grc' dir='ltr'><strong><em>ἀγίᾳ</em></strong></span> <span class='ocrx_word' id='word_1_297' title='bbox 1748 3744 2077 3826; x_wconf 85' lang='grc' dir='ltr'><strong><em>παρθένῳ</em></strong></span> <span class='ocrx_word' id='word_1_298' title='bbox 2138 3732 2502 3825; x_wconf 87' lang='grc' dir='ltr'><strong><em>γενόμενος</em></strong></span> <span class='ocrx_word' id='word_1_299' title='bbox 2559 3742 2672 3806; x_wconf 85' lang='grc' dir='ltr'><strong><em>καὶ</em></strong></span> <span class='ocrx_word' id='word_1_300' title='bbox 2737 3744 3119 3823; x_wconf 81' lang='grc' dir='ltr'><strong><em>σαρκωθεὶς</em></strong></span> <span class='ocrx_word' id='word_1_301' title='bbox 3176 3743 3291 3806; x_wconf 83' lang='grc' dir='ltr'><strong><em>καὶ</em></strong></span> 
     </span>
     <span class='ocr_line' id='line_1_37' title="bbox 675 3831 3293 3924; baseline 0.002 -21"><span class='ocrx_word' id='word_1_302' title='bbox 675 3833 1213 3923; x_wconf 88' lang='grc' dir='ltr'><strong><em>ενανθρωπήσας</em></strong></span> <span class='ocrx_word' id='word_1_303' title='bbox 1255 3843 1367 3905; x_wconf 85' lang='grc' dir='ltr'><strong><em>καὶ</em></strong></span> <span class='ocrx_word' id='word_1_304' title='bbox 1427 3837 1686 3906; x_wconf 85' lang='grc' dir='ltr'><strong><em>παθῶν</em></strong></span> <span class='ocrx_word' id='word_1_305' title='bbox 1747 3834 1832 3905; x_wconf 78' lang='grc' dir='ltr'><strong><em>τὰ</em></strong></span> <span class='ocrx_word' id='word_1_306' title='bbox 1896 3831 2445 3924; x_wconf 85' lang='grc' dir='ltr'><strong><em>ἀναγεγραμμένα</em></strong></span> <span class='ocrx_word' id='word_1_307' title='bbox 2505 3842 2617 3907; x_wconf 83' lang='grc' dir='ltr'><strong><em>καὶ</em></strong></span> <span class='ocrx_word' id='word_1_308' title='bbox 2676 3831 3062 3907; x_wconf 85' lang='grc' dir='ltr'><strong><em>ἀποθανῶν</em></strong></span> <span class='ocrx_word' id='word_1_309' title='bbox 3119 3832 3293 3921; x_wconf 83' lang='grc' dir='ltr'><strong><em>υπὲρ</em></strong></span> 
     </span>
     <span class='ocr_line' id='line_1_38' title="bbox 675 3926 3293 4025; baseline 0.001 -22"><span class='ocrx_word' id='word_1_310' title='bbox 675 3940 823 4004; x_wconf 92' lang='grc' dir='ltr'><strong><em>τῶν</em></strong></span> <span class='ocrx_word' id='word_1_311' title='bbox 869 3929 1223 4022; x_wconf 72' lang='grc' dir='ltr'><strong><em>ἁμαρτιῶν</em></strong></span> <span class='ocrx_word' id='word_1_312' title='bbox 1266 3930 1460 4022; x_wconf 82' lang='grc' dir='ltr'><strong><em>ἡμῶν</em></strong></span> <span class='ocrx_word' id='word_1_313' title='bbox 1503 3932 1710 4017; x_wconf 76' lang='grc' dir='ltr'><strong><em>αὐτὸς</em></strong></span> <span class='ocrx_word' id='word_1_314' title='bbox 1753 3926 1843 4023; x_wconf 87' lang='grc' dir='ltr'><strong><em>ἧν</em></strong></span> <span class='ocrx_word' id='word_1_315' title='bbox 1886 3931 1923 4005; x_wconf 90' lang='lat'>6</span> <span class='ocrx_word' id='word_1_316' title='bbox 1956 3940 2065 4005; x_wconf 78' lang='grc' dir='ltr'><strong><em>ἐπὶ</em></strong></span> <span class='ocrx_word' id='word_1_317' title='bbox 2108 3932 2401 4006; x_wconf 78' lang='grc' dir='ltr'><strong><em>πάντων</em></strong></span> <span class='ocrx_word' id='word_1_318' title='bbox 2431 3932 2618 4018; x_wconf 88' lang='grc' dir='ltr'><strong><em>θεός·</em></strong></span> <span class='ocrx_word' id='word_1_319' title='bbox 2663 3929 2700 4006; x_wconf 78' lang='grc' dir='ltr'>ὃ</span> <span class='ocrx_word' id='word_1_320' title='bbox 2742 3934 2824 4024; x_wconf 84' lang='grc' dir='ltr'><strong><em>δὴ</em></strong></span> <span class='ocrx_word' id='word_1_321' title='bbox 2854 3932 3293 4025; x_wconf 87' lang='grc' dir='ltr'><strong><em>τολμήσαντα</em></strong></span> 
     </span>
     <span class='ocr_line' id='line_1_39' title="bbox 568 4030 3292 4124; baseline 0.003 -25"><span class='ocrx_word' id='word_1_322' title='bbox 568 4042 637 4098; x_wconf 86' lang='grc'><strong><em>35</em></strong></span> <span class='ocrx_word' id='word_1_323' title='bbox 673 4030 884 4119; x_wconf 86' lang='grc' dir='ltr'><strong><em>φάναι</em></strong></span> <span class='ocrx_word' id='word_1_324' title='bbox 928 4032 1056 4103; x_wconf 91' lang='grc' dir='ltr'><strong><em>τὸν</em></strong></span> <span class='ocrx_word' id='word_1_325' title='bbox 1098 4038 1479 4116; x_wconf 86' lang='grc' dir='ltr'><strong><em>Σαβέλλιον</em></strong></span> <span class='ocrx_word' id='word_1_326' title='bbox 1521 4030 1564 4123; x_wconf 84' lang='grc' dir='ltr'><em>ἦ</em></span> <span class='ocrx_word' id='word_1_327' title='bbox 1607 4038 1923 4122; x_wconf 86' lang='grc' dir='ltr'><strong><em>ἐκκλησία</em></strong></span> <span class='ocrx_word' id='word_1_328' title='bbox 1966 4040 2093 4105; x_wconf 84' lang='grc' dir='ltr'><strong><em>τοῦ</em></strong></span> <span class='ocrx_word' id='word_1_329' title='bbox 2135 4040 2303 4105; x_wconf 83' lang='grc' dir='ltr'><strong><em>θεοῦ</em></strong></span> <span class='ocrx_word' id='word_1_330' title='bbox 2346 4038 2422 4103; x_wconf 82' lang='grc' dir='ltr'><strong><em>ἐν</em></strong></span> <span class='ocrx_word' id='word_1_331' title='bbox 2450 4030 2685 4117; x_wconf 86' lang='grc' dir='ltr'><strong><em>ἀθέοις</em></strong></span> <span class='ocrx_word' id='word_1_332' title='bbox 2714 4042 2827 4105; x_wconf 82' lang='grc' dir='ltr'><strong><em>καὶ</em></strong></span> <span class='ocrx_word' id='word_1_333' title='bbox 2869 4033 3292 4124; x_wconf 83' lang='grc' dir='ltr'><strong><em>βλασφήμοις</em></strong></span> 
     </span>
     <span class='ocr_line' id='line_1_40' title="bbox 670 4139 1043 4219; baseline 0.003 -17"><span class='ocrx_word' id='word_1_334' title='bbox 670 4139 1043 4219; x_wconf 74' lang='grc' dir='ltr'><strong><em>κατέλεξεν.</em></strong></span> 
     </span>
    </p>
   </div>
   <div class='ocr_carea' id='block_1_11' title="bbox 843 4352 2417 4424">
    <p class='ocr_par' dir='ltr' id='par_1_11' title="bbox 843 4352 2417 4424">
     <span class='ocr_line' id='line_1_41' title="bbox 843 4352 2417 4424; baseline 0.001 -16"><span class='ocrx_word' id='word_1_335' title='bbox 843 4353 916 4408; x_wconf 91' lang='lat'><strong><em>11</em></strong></span> <span class='ocrx_word' id='word_1_336' title='bbox 955 4353 1077 4407; x_wconf 89' lang='lat' dir='ltr'><strong>Joh.</strong></span> <span class='ocrx_word' id='word_1_337' title='bbox 1115 4354 1163 4417; x_wconf 90' lang='lat'><strong><em>1,</em></strong></span> <span class='ocrx_word' id='word_1_338' title='bbox 1200 4354 1229 4405; x_wconf 90' lang='lat'>1</span> <span class='ocrx_word' id='word_1_339' title='bbox 1265 4382 1330 4391; x_wconf 94' lang='lat'><strong>—</strong></span> <span class='ocrx_word' id='word_1_340' title='bbox 1369 4352 1442 4407; x_wconf 77' lang='lat'><strong><em>28</em></strong></span> <span class='ocrx_word' id='word_1_341' title='bbox 1475 4352 1598 4407; x_wconf 84' lang='lat' dir='ltr'>Joh.</span> <span class='ocrx_word' id='word_1_342' title='bbox 1635 4354 1718 4420; x_wconf 89' lang='lat'><strong><em>10,</em></strong></span> <span class='ocrx_word' id='word_1_343' title='bbox 1755 4354 1822 4409; x_wconf 89' lang='lat'><strong><em>30</em></strong></span> <span class='ocrx_word' id='word_1_344' title='bbox 1856 4384 1923 4395; x_wconf 93' lang='lat'>—</span> <span class='ocrx_word' id='word_1_345' title='bbox 1960 4355 2037 4410; x_wconf 72' lang='grc' dir='ltr'><strong><em>ει</em></strong></span> <span class='ocrx_word' id='word_1_346' title='bbox 2076 4355 2184 4424; x_wconf 78' lang='lat' dir='ltr'><strong>vgl.</strong></span> <span class='ocrx_word' id='word_1_347' title='bbox 2220 4354 2313 4409; x_wconf 54' lang='grc' dir='ltr'><strong><em>ΝΥ.</em></strong></span> <span class='ocrx_word' id='word_1_348' title='bbox 2350 4356 2417 4409; x_wconf 86' lang='lat'><strong><em>62</em></strong></span> 
     </span>
    </p>
   </div>
   <div class='ocr_carea' id='block_1_12' title="bbox 667 4551 3283 4728">
    <p class='ocr_par' dir='ltr' id='par_1_12' title="bbox 667 4551 3283 4728">
     <span class='ocr_line' id='line_1_42' title="bbox 841 4551 3283 4628; baseline 0.001 -19"><span class='ocrx_word' id='word_1_349' title='bbox 841 4554 874 4609; x_wconf 93' lang='lat'>1</span> <span class='ocrx_word' id='word_1_350' title='bbox 929 4551 1183 4609; x_wconf 78' lang='grc' dir='ltr'><strong><em>πιστεύοι</em></strong></span> <span class='ocrx_word' id='word_1_351' title='bbox 1235 4554 1361 4608; x_wconf 75' lang='lat' dir='ltr'><strong>and.</strong></span> <span class='ocrx_word' id='word_1_352' title='bbox 1415 4554 1492 4609; x_wconf 72' lang='lat' dir='ltr'><strong><em>St.</em></strong></span> <span class='ocrx_word' id='word_1_353' title='bbox 1547 4551 1794 4609; x_wconf 78' lang='grc' dir='ltr'><strong><em>πιστεύει</em></strong></span> <span class='ocrx_word' id='word_1_354' title='bbox 1847 4554 1897 4607; x_wconf 87' lang='lat' dir='ltr'><strong>V</strong></span> <span class='ocrx_word' id='word_1_355' title='bbox 1960 4556 1972 4622; x_wconf 83' lang='lat'>1</span> <span class='ocrx_word' id='word_1_356' title='bbox 2039 4554 2156 4611; x_wconf 81' lang='lat'>121’</span> <span class='ocrx_word' id='word_1_357' title='bbox 2200 4556 2381 4627; x_wconf 78' lang='grc' dir='ltr'><strong><em>τρισὶν</em></strong></span> <span class='ocrx_word' id='word_1_358' title='bbox 2425 4586 2492 4597; x_wconf 96' lang='lat'>—</span> <span class='ocrx_word' id='word_1_359' title='bbox 2542 4556 2808 4628; x_wconf 79' lang='grc' dir='ltr'><strong><em>βούλεται</em></strong></span> <span class='ocrx_word' id='word_1_360' title='bbox 2861 4558 2946 4613; x_wconf 75' lang='lat' dir='ltr'><strong><em>als</em></strong></span> <span class='ocrx_word' id='word_1_361' title='bbox 2998 4556 3283 4613; x_wconf 75' lang='lat' dir='ltr'>Eusebius*</span> 
     </span>
     <span class='ocr_line' id='line_1_43' title="bbox 667 4654 2997 4728; baseline 0.003 -21"><span class='ocrx_word' id='word_1_362' title='bbox 667 4655 860 4711; x_wconf 71' lang='lat' dir='ltr'>Worte</span> <span class='ocrx_word' id='word_1_363' title='bbox 893 4673 950 4709; x_wconf 88' lang='lat' dir='ltr'><strong>m</strong></span> <span class='ocrx_word' id='word_1_364' title='bbox 984 4672 1047 4724; x_wconf 82' lang='lat' dir='ltr'><strong><em>g;</em></strong></span> <span class='ocrx_word' id='word_1_365' title='bbox 1087 4655 1228 4710; x_wconf 82' lang='lat' dir='ltr'><strong>doch</strong></span> <span class='ocrx_word' id='word_1_366' title='bbox 1261 4656 1374 4725; x_wconf 80' lang='lat' dir='ltr'>vgl.</span> <span class='ocrx_word' id='word_1_367' title='bbox 1413 4656 1465 4710; x_wconf 92' lang='lat' dir='ltr'><strong><em>S.</em></strong></span> <span class='ocrx_word' id='word_1_368' title='bbox 1501 4656 1586 4720; x_wconf 84' lang='lat'><strong><em>35,</em></strong></span> <span class='ocrx_word' id='word_1_369' title='bbox 1622 4656 1692 4709; x_wconf 86' lang='lat' dir='ltr'><strong><em>2f</em></strong></span> <span class='ocrx_word' id='word_1_370' title='bbox 1749 4656 1757 4723; x_wconf 89' lang='grc' dir='ltr'>Ι</span> <span class='ocrx_word' id='word_1_371' title='bbox 1823 4656 1902 4711; x_wconf 86' lang='grc'><strong><em>22</em></strong></span> <span class='ocrx_word' id='word_1_372' title='bbox 1942 4654 1998 4712; x_wconf 87' lang='grc' dir='ltr'><strong><em>εἰ</em></strong></span> <span class='ocrx_word' id='word_1_373' title='bbox 2030 4655 2107 4708; x_wconf 84' lang='lat' dir='ltr'><strong><em>V²</em></strong></span> <span class='ocrx_word' id='word_1_374' title='bbox 2144 4655 2177 4723; x_wconf 78' lang='grc' dir='ltr'><em>ἡ</em></span> <span class='ocrx_word' id='word_1_375' title='bbox 2214 4655 2296 4709; x_wconf 81' lang='lat' dir='ltr'><strong><em>V*</em></strong></span> <span class='ocrx_word' id='word_1_376' title='bbox 2360 4658 2371 4724; x_wconf 94' lang='grc' dir='ltr'>Ι</span> <span class='ocrx_word' id='word_1_377' title='bbox 2436 4657 2508 4713; x_wconf 78' lang='grc'><strong><em>86</em></strong></span> <span class='ocrx_word' id='word_1_378' title='bbox 2543 4654 2908 4728; x_wconf 81' lang='grc' dir='ltr'><strong><em>ἐγκατέλεξεν</em></strong></span> <span class='ocrx_word' id='word_1_379' title='bbox 2943 4678 2997 4713; x_wconf 91' lang='lat' dir='ltr'><strong>m</strong></span> 
     </span>
    </p>
   </div>
   <div class='ocr_carea' id='block_1_13' title="bbox 3275 2726 3621 2783">
    <p class='ocr_par' dir='ltr' id='par_1_13' title="bbox 3275 2726 3621 2783">
     <span class='ocr_line' id='line_1_44' title="bbox 3275 2726 3621 2783; baseline -0.018 0"><span class='ocrx_word' id='word_1_380' title='bbox 3275 2734 3295 2761; x_wconf 81' lang='lat'>‘</span> <span class='ocrx_word' id='word_1_381' title='bbox 3370 2729 3469 2783; x_wconf 80' lang='grc' dir='ltr'><strong><em>τὸν</em></strong></span> <span class='ocrx_word' id='word_1_382' title='bbox 3500 2726 3621 2780; x_wconf 76' lang='grc' dir='ltr'><strong><em>θεὸν</em></strong></span> 
     </span>
    </p>
   </div>
   <div class='ocr_carea' id='block_1_14' title="bbox 3396 2791 3584 2865">
    <p class='ocr_par' dir='ltr' id='par_1_14' title="bbox 3396 2791 3584 2865">
     <span class='ocr_line' id='line_1_45' title="bbox 3396 2791 3584 2865; baseline 0 -14"><span class='ocrx_word' id='word_1_383' title='bbox 3396 2791 3584 2865; x_wconf 58' lang='lat' dir='ltr'>casm.</span> 
     </span>
    </p>
   </div>
  </div>
 </body>
</html>
