3694 5582
1223 519 1292 574 de
1327 519 1698 575 ecclesiastiea
1729 521 2017 592 theologia.
2047 521 2099 574 11
2135 524 2217 578 19.
2924 531 3039 594 125

535 681 720 770 πλὴν
776 686 1005 768 ἐμοῦι·
1079 678 1342 767 ἀκούεις
1405 677 1597 767 ὅπως
1659 684 1768 758 διὰ
1823 690 1947 774 τῆς
1993 681 2425 774 ἇντωνυμίας
2489 685 2607 757 ἕνα
2650 685 2824 756 εἶναι
2867 684 3040 758 θεὸν

533 778 754 868 μόνον
796 778 1268 871 ἀποφαίνεται.
1353 789 1465 854 καὶ
1527 777 1726 866 αὖθις
1781 784 2023 875 μικρὸν
2074 779 2361 872 ὕστερον
2418 785 2587 874 »ἐγώ
2634 790 2765 874 εἰμι
2804 783 3037 876 κύριος
3073 802 3134 854 11

531 910 570 951 ο
614 877 779 963 θεός
823 902 978 954 σου(
1032 889 1256 970 φησίν,
1319 882 1572 956 ἑαυτὸν
1629 883 1870 974 κύριον
1930 893 2043 956 καὶ
2093 883 2269 956 θεὸν
2319 886 2490 956 εἶναι
2520 890 2768 1006 ’λέγων
2853 891 2922 955 τί
2963 890 3035 956 δὲ

533 988 646 1051 καὶ
697 976 782 1051 δι’
828 980 1062 1070 ἑτέρας
1104 988 1370 1072 γραφῆς
1421 981 1909 1105 μανθάνομενῖ·
1976 990 2123 1055 »καὶ
2175 984 2405 1073 γνώσῃ
2458 982 2783 1074 σήμερον(
2834 991 3043 1075 φησὶν

333 1099 368 1152 5
540 1088 686 1150 »καὶ
729 1109 814 1152 ου
856 1080 1325 1172 διαστραφήση
1369 1090 1454 1171 τῇ
1499 1087 1796 1176 διανοίᾳ,
1862 1079 1970 1156 ότι
2031 1082 2261 1171 κύριος
2314 1080 2352 1154 ὁ
2397 1083 2563 1168 θεός
2623 1110 2772 1168 σου,
2836 1076 3039 1167 οὗτος

533 1176 696 1262 θεὸς
740 1184 817 1251 ἐν
861 1188 964 1271 τῷ
1009 1177 1282 1272 οὐρανῷ
1327 1180 1542 1272 <ἄνω>
1595 1189 1708 1254 καὶ
1763 1189 1874 1254 ἐπὶ
1929 1189 2053 1306 τῆς
2092 1189 2213 1273 γῆς
2256 1180 2479 1268 κάτω,
2538 1187 2651 1253 καὶ
2713 1179 2837 1255 οὐκ
2896 1187 3039 1256 ἔστι

530 1279 717 1370 πλὴν
785 1279 1059 1351 αὖτοῦι.
1167 1286 1280 1352 καὶ
1343 1275 1540 1365 αὖθις
1611 1287 1686 1355 ἐν
1757 1291 1863 1374 τῷ
1939 1279 2126 1372 αὐτῷ
2192 1289 2699 1373 Δευτερονομίῳ
2776 1283 3034 1369 »52⁶on

530 1375 810 1471 Ἰσραήλ·
819 1412 845 1445 ‹
927 1389 1134 1469 φησὶν
1181 1379 1449 1470 »κύριος
1494 1378 1532 1453 ὁ
1577 1381 1742 1466 θεὸς
1787 1379 1986 1502 ήμοῶν
2027 1381 2258 1468 κύριος
2302 1382 2395 1465 εἷς
2440 1387 2649 1453 ἐστιν·
2720 1389 2831 1453 καὶ
2874 1379 3031 1472 ἇγα-

530 1479 766 1572 πήσεις
825 1479 1064 1569 κύριον
1123 1479 1250 1553 τὸν
1309 1477 1480 1552 θεόν
1541 1506 1664 1554 σου
1722 1486 1795 1568 ἐξ
1856 1475 2021 1571 ολης
2080 1486 2356 1568 καρδίας
2416 1503 2540 1553 σου
2588 1490 2701 1552 καὶ
2752 1485 2823 1569 ἐξ
2866 1475 3034 1573 ολης

298 1601 370 1658 10
532 1584 750 1669 ψυχῆς
793 1602 917 1652 σου
957 1587 1068 1650 καὶ
1115 1585 1185 1666 ἐξ
1238 1572 1402 1669 ολης
1455 1587 1816 1664 διανοίαςι.
1904 1591 2017 1653 καὶ
2058 1579 2271 1652 πάλιν
2314 1585 2391 1651 ἐν
2432 1588 2534 1671 τῷ
2580 1577 2769 1672 αὐτῷ
2819 1583 3031 1653 »ἴδετε
3066 1597 3133 1650 12

531 1685 710 1751 ’ίδετε
757 1672 865 1751 ὅτι
908 1679 1042 1770 ἐγώ
1087 1685 1237 1769 εἰμι,
1282 1687 1392 1750 καὶ
1435 1676 1560 1752 οὐκ
1605 1684 1790 1753 ἔστιν
1831 1679 1997 1763 θεὸς
2040 1680 2225 1770 πλὴν
2254 1685 2441 1770 ἐμοῦ·
2484 1680 2621 1773 ἐγώ
2665 1677 3030 1754 ἀποκτενῶ

531 1787 643 1850 καὶ
697 1784 820 1868 ζῆν
870 1776 1164 1869 ποιήσω·
1236 1777 1524 1865 πατάξω
1577 1788 1688 1852 καὶ
1732 1778 2062 1872 ἰάσομαιι.
2146 1787 2297 1864 πῶς
2343 1773 2467 1851 οὖν
2509 1776 2843 1870 Ἀστέριος
2885 1800 3035 1864 ταῖς

526 1876 742 1968 ἁγίαις
796 1899 1087 1969 γραφαῖς
1140 1875 1380 1961 ἅπλῶς
1428 1889 1543 1952 καὶ
1602 1878 1915 1971 ἐμφόβως
1976 1879 2387 1954 ἀκολουθεῖν
2447 1880 3033 1970 προσποιούμενος

525 1975 652 2049 οὐκ
695 1983 873 2067 ἔγνω
918 1978 1003 2050 τὸ
1045 1985 1246 2069 μέρος
1289 1985 1500 2052 τοῦτο
1546 1987 1752 2068 λέγον
1808 1980 2077 2071 »κύριος
2130 1977 2167 2052 ὁ
2213 1980 2379 2064 θεός
2422 2003 2572 2064 σου,
2620 1972 2826 2062 οὗτος
2867 1979 3032 2065 θεὸς

298 2101 365 2152 15
531 2084 606 2150 ἐν
649 2085 750 2170 τῷ
798 2075 1072 2170 οὐρανῷ
1119 2078 1333 2167 <ἄνω>
1385 2085 1496 2150 καὶ
1540 2083 1651 2150 ἐπὶ
1696 2087 1818 2171 τῆς
1863 2087 1983 2170 γῆς
2040 2078 2264 2166 κάτω,
2326 2088 2438 2151 καὶ
2502 2077 2628 2150 οὔκ
2686 2082 2869 2151 ἔστιν
2928 2083 3031 2152 ἔτι

527 2177 714 2268 πλὴν
776 2175 1058 2263 αὖτοῦα,
1117 2185 1227 2248 καὶ
1293 2171 1404 2251 ὅτι
1462 2179 1592 2262 »εἷς
1645 2184 1865 2252 ἐστιν(
1933 2186 2043 2250 καὶ
2096 2179 2283 2269 πλὴν
2335 2175 2547 2252 αὐτοῦ
2592 2180 2819 2268 ἕτερος
2868 2176 3029 2251 »οὐκ

527 2282 782 2364 ἔστιν,
772 2304 786 2319 ·

396 2385 513 2449 καὶ
555 2374 708 2468 μεθ’
755 2379 950 2466 ἕτερα
993 2376 1270 2462 τούτοις
1313 2370 1514 2461 αὖθις
1555 2387 2013 2468 προστίθησιν
2056 2383 2277 2468 λέγων
3060 2393 3128 2448 13

320 2493 409 2552 92:
524 2481 658 2564 (Nr.
705 2483 812 2566 68)
875 2484 1028 2559 πῶς
1088 2469 1215 2551 οὖν
1267 2507 1306 2550 ο
1359 2477 1537 2569 ἱερὸς
1579 2476 1940 2569 προφήτης
1980 2474 2283 2568 Ἱερεμίας
2325 2474 2409 2550 οὗ
2453 2483 2771 2565 φανερῶς
2812 2471 3026 2548 αὐτὸν

293 2601 401 2654 20
405 2592 448 2628 3
484 2579 1266 2667 >ἑτεροδιδασκαλοῦντα
1309 2581 1589 2667 §urgan
1640 2578 1729 2649 τὰ
1777 2577 1906 2667 γὰρ
1948 2575 2127 2650 κατὰ
2169 2575 2297 2649 τὸν
2340 2583 2620 2666 σωτῆρα
2663 2573 2820 2667 ἡμῖν
2861 2603 3025 2664 προ-

459 2675 853 2766 φητεύων
915 2670 1138 2760 οὕτως
1201 2680 1330 2768 εφη
1407 2671 1647 2761 »οὗτος
1707 2674 1745 2749 ὁ
1807 2674 1973 2761 θεὸς
2042 2673 2328 2767 (ἡμῶν),
2404 2704 2486 2748 ου
2545 2672 3029 2766 λογισθήσεται

529 2780 759 2869 ἕτερος
801 2775 975 2865 πρὸς
1019 2773 1250 2851 αὐτόν.
1335 2781 1600 2868 ἐξεῦρεν
1639 2783 1867 2849 πᾶσαν
1919 2771 2085 2850 ὁδὸν
2146 2773 2543 2867 ἐπιστήμης,
2604 2782 2717 2849 καὶ
2778 2778 3029 2847 ἔδωκεν

519 2875 764 2963 Ἰακώβ
819 2884 922 2968 τῷ
985 2886 1175 2951 παιδὶ
1235 2874 1448 2950 αὐτοῦ
1503 2884 1613 2947 καὶ
1664 2875 1920 2966 Ἰσραὴλ
1983 2884 2087 2968 τῷ
2150 2874 2563 2967 ἠγαπημένῳ
2622 2872 2735 2947 ὑπ’
2800 2872 3029 2949 αὐτοῦ.

524 2976 695 3065 μετὰ
757 2984 977 3052 ταῦτα
1036 2983 1146 3049 ἐπὶ
1209 2984 1331 3069 τῆς
1391 2983 1512 3067 γῆς
1573 2974 1810 3067 ὤφθη,
1884 2984 1996 3048 καὶ
2064 2994 2209 3059 τοῖς
2280 2972 2683 3065 ἀνθρώποις
2752 3000 3022 3047 συνανε-
3108 3046 3113 3051 ,

287 3100 360 3152 :25
523 3074 851 3168 στρᾶφηε.

393 3184 508 3247 καὶ
550 3174 761 3249 πάλιν
803 3185 1259 3267 προστίθησιν
1303 3182 1525 3266 λέγων
3057 3189 3125 3243 14

525 3280 663 3363 (Nr.
708 3284 813 3362 50)
857 3273 1007 3349 ἀλλ’
1053 3282 1270 3350 ἔοικεν
1313 3282 1388 3348 ἐν
1433 3284 1534 3366 τῷ
1582 3275 1766 3366 λόγῳ
1811 3271 1849 3347 0‘
1893 3274 2123 3366 πατὴρ
2168 3277 2365 3360 εἶναι,
2407 3270 2541 3345 κᾶν
2580 3270 2890 3364 Ἀστερίῳ
2932 3272 3021 3365 μὴ

499 3380 692 3490 ᾕοκῇ
747 3383 860 3447 καὶ
923 3394 1069 3460 τοῖς
1128 3376 1217 3448 τὰ
1268 3373 1442 3449 αὐτὰ
1494 3349 1731 3466 ιἐκείνῳ
1787 3382 2181 3463 φρονοῦσιν.
2265 3382 2454 3447 δοκεῖ
2491 3371 2618 3463 γὰρ
2662 3380 2875 3445 τοῦτο
2919 3380 3023 3463 τῷ

523 3483 860 3566 θεσπεσίῳ
905 3474 1235 3567 προφήτῃ
1277 3472 1530 3569 Ἠσαία,
1585 3482 1688 3568 τῷ
1735 3471 1820 3547 δι’
1866 3470 2061 3564 ἁγίου
2112 3480 2382 3563 λέγοντι
2434 3472 2822 3562 πνεύματος
2879 3479 3027 3543 »καὶ

283 3594 362 3649 30
523 3573 1106 3665 προσκυνήσουσιν
1151 3600 1276 3659 σοι,
1341 3582 1354 3664 Ι
1416 3583 1526 3647 καὶ
1570 3580 1644 3647 ἐν
1687 3580 1792 3648 σοὶ
1821 3574 2337 3697 προσεύξονται·
2394 3601 2503 3644 οτι
2529 3575 2606 3644 ἐν
2634 3579 2739 3642 σοὶ
2770 3600 2809 3643 ο
2839 3568 3022 3658 θεός,
3063 3586 3180 3645 138

521 3684 636 3746 καὶ
696 3671 824 3747 οὐκ
879 3678 1064 3747 εστιν
1117 3674 1326 3759 ἄλλος
1377 3674 1564 3767 πλήν
1607 3675 1915 3747 σου.σὺ
1956 3676 2082 3764 γὰρ
2137 3670 2275 3745 εἶς
2238 3704 2275 3745 ο
2319 3670 2497 3757 θεός.
2508 3702 2533 3735 c
2626 3666 2788 3764 ὁρᾷς
2831 3700 3024 3755 οπως

519 3775 893 3863 πρόρριζον
980 3770 1342 3865 ἀνατρέπει
1413 3775 1544 3865 τὴν
1615 3782 1763 3848 τῶν
1836 3771 2632 3865 ἓτεροδιδασκαλούντων
2704 3773 3023 3860 ἔντεχνον

515 3881 960 3964 κακουργίαν;

390 3980 506 4045 καὶ
551 3966 752 4057 αὖθις
793 3978 1084 4064 ἐπιλέγει
3054 3994 3121 4049 15

566 4145 601 4200 2
638 4143 741 4199 Ex.
780 4144 864 4211 20,
899 4146 932 4199 5
966 4174 1034 4183 —
1067 4144 1110 4200 4
1144 4144 1306 4200 Dent.
1340 4147 1390 4210 4,
1426 4148 1494 4201 39
1538 4174 1605 4185 -
1661 4146 1689 4200 7
1733 4143 1892 4198 Dent.
1928 4145 1978 4208 6,
2013 4147 2064 4198 4.
2101 4148 2133 4200 5
2183 4176 2243 4187 -
2305 4145 2385 4200 10
2418 4142 2579 4199 Dent.
2616 4142 2699 4209 32,
2733 4142 2801 4198 39
2834 4170 2901 4181 —
2940 4142 3017 4197 14

393 4244 556 4301 Dent..
572 4246 711 4313 4,39
736 4274 805 4284 —
836 4245 912 4301 1ss
944 4244 1104 4300 Dent.
1133 4247 1236 4313 6,4
1270 4276 1338 4286 —
1388 4245 1550 4301 Dent.
1585 4248 1634 4311 4,
1671 4248 1753 4301 35.
1808 4245 2142 4313 32,39(‘?)—
2180 4245 2256 4301 21
2294 4244 2511 4299 Bal-noh
2530 4245 2579 4311 3,
2598 4244 2801 4299 36—-38
2835 4273 2902 4283 —
2938 4242 3019 4299 29

391 4346 498 4402 Jes.
534 4350 618 4411 45,
657 4350 738 4402 14.
774 4348 841 4403 15

562 4498 599 4553 5
639 4494 710 4553 οὔ
742 4499 1132 4570 διαστραφήσῃ
1160 4497 1191 4549 ⁴?
1226 4494 1616 4570 ἐπιστραφήσῃ
1651 4496 1796 4551 Lxx
1862 4498 1869 4565 Ι
1934 4499 1971 4552 6
2005 4490 2125 4552 ἄνω
2160 4496 2251 4549 fib.
2289 4496 2341 4551 d.
2377 4496 2430 4550 Z.
2451 4495 2529 4549 V²
2588 4497 2599 4563 Ι
2662 4495 2703 4552 8
2746 4490 2906 4564 ὑμῶν
2943 4494 3020 4549 V²

397 4598 404 4667 Ι
462 4598 538 4655 15
573 4593 698 4655 ἄνω
734 4596 859 4653 and.
895 4598 973 4653 st.
1038 4600 1048 4668 Ι
1115 4600 1190 4655 21
1230 4600 1392 4669 ὴμῶν
1428 4617 1485 4653 m
1519 4598 1665 4652 LXX
1730 4601 1739 4667 Ι
1805 4598 1883 4654 28
1920 4608 2088 4654 τοῦτο
2124 4615 2181 4651 m
2214 4596 2399 4653 τούτω
2434 4596 2486 4651 V
2551 4598 2560 4665 Ι
2626 4596 2706 4653 80
2756 4594 2916 4665 θεὸς]
2951 4602 3017 4660 «Ι-

393 4694 510 4755 &tce
542 4718 600 4753 m
626 4699 773 4754 Lxx
835 4700 846 4768 Ι
903 4700 974 4755 81
1014 4694 1208 4769 ἄλλος]
1246 4700 1388 4765 θεὸς
1419 4699 1566 4754 Lxx
