<?xml version="1.0" encoding="UTF-8"?>
<!DOCTYPE html PUBLIC "-//W3C//DTD XHTML 1.0 Transitional//EN"
    "http://www.w3.org/TR/xhtml1/DTD/xhtml1-transitional.dtd">
<html xmlns="http://www.w3.org/1999/xhtml" xml:lang="en" lang="en">
 <head>
  <title>
</title>
<meta http-equiv="Content-Type" content="text/html;charset=utf-8" />
  <meta name='ocr-system' content='tesseract 3.04.00' />
  <meta name='ocr-capabilities' content='ocr_page ocr_carea ocr_par ocr_line ocrx_word'/>
</head>
<body>
  <div class='ocr_page' id='page_1' title='image "./werkevolume00eusegoog/werkevolume00eusegoog_0081.png"; bbox 0 0 3694 5582; ppageno 0'>
   <div class='ocr_carea' id='block_1_1' title="bbox 779 465 2231 538">
    <p class='ocr_par' dir='ltr' id='par_1_1' title="bbox 779 465 2231 538">
     <span class='ocr_line' id='line_1_1' title="bbox 779 465 2231 538; baseline -0.012 0"><span class='ocrx_word' id='word_1_1' title='bbox 779 479 858 538; x_wconf 87' lang='grc'><strong><em>44</em></strong></span> <span class='ocrx_word' id='word_1_2' title='bbox 1962 465 2231 523; x_wconf 75' lang='lat' dir='ltr'>Eusebius</span> 
     </span>
    </p>
   </div>
   <div class='ocr_carea' id='block_1_2' title="bbox 671 627 3403 1651">
    <p class='ocr_par' dir='ltr' id='par_1_2' title="bbox 671 627 3403 1620">
     <span class='ocr_line' id='line_1_2' title="bbox 905 627 3403 722; baseline -0.002 -17"><span class='ocrx_word' id='word_1_3' title='bbox 905 629 1119 722; x_wconf 85' lang='grc' dir='ltr'><strong><em>λόγον</em></strong></span> <span class='ocrx_word' id='word_1_4' title='bbox 1163 627 1521 719; x_wconf 74' lang='grc' dir='ltr'>ὀνομάζειν</span> <span class='ocrx_word' id='word_1_5' title='bbox 1565 637 1898 718; x_wconf 85' lang='grc' dir='ltr'><strong><em>φαίνεται.</em></strong></span> <span class='ocrx_word' id='word_1_6' title='bbox 1985 635 2043 700; x_wconf 82' lang='grc' dir='ltr'><strong><em>εί</em></strong></span> <span class='ocrx_word' id='word_1_7' title='bbox 2098 635 2172 702; x_wconf 85' lang='grc' dir='ltr'><strong><em>δέ</em></strong></span> <span class='ocrx_word' id='word_1_8' title='bbox 2222 659 2325 712; x_wconf 87' lang='grc' dir='ltr'><strong><em>τις</em></strong></span> <span class='ocrx_word' id='word_1_9' title='bbox 2374 635 2487 700; x_wconf 87' lang='grc' dir='ltr'><strong><em>καὶ</em></strong></span> <span class='ocrx_word' id='word_1_10' title='bbox 2530 627 2667 716; x_wconf 82' lang='grc' dir='ltr'><strong><em>πρὸ</em></strong></span> <span class='ocrx_word' id='word_1_11' title='bbox 2710 634 2833 718; x_wconf 85' lang='grc' dir='ltr'><strong><em>τῆς</em></strong></span> <span class='ocrx_word' id='word_1_12' title='bbox 2876 633 3033 712; x_wconf 90' lang='grc' dir='ltr'><strong><em>νέας</em></strong></span> <span class='ocrx_word' id='word_1_13' title='bbox 3075 627 3403 720; x_wconf 77' lang='grc' dir='ltr'><strong><em>διαθήκης</em></strong></span> 
     </span>
     <span class='ocr_line' id='line_1_3' title="bbox 904 723 3401 820; baseline -0 -17"><span class='ocrx_word' id='word_1_14' title='bbox 904 730 989 803; x_wconf 85' lang='grc' dir='ltr'><strong><em>τὸ</em></strong></span> <span class='ocrx_word' id='word_1_15' title='bbox 1034 739 1162 804; x_wconf 90' lang='grc' dir='ltr'><strong><em>τοῦ</em></strong></span> <span class='ocrx_word' id='word_1_16' title='bbox 1205 737 1504 820; x_wconf 82' lang='grc' dir='ltr'><strong><em>Χριστοῦ</em></strong></span> <span class='ocrx_word' id='word_1_17' title='bbox 1547 727 1656 819; x_wconf 84' lang='grc' dir='ltr'><strong><em>&lt;ἢ&gt;</em></strong></span> <span class='ocrx_word' id='word_1_18' title='bbox 1697 725 1911 820; x_wconf 82' lang='grc' dir='ltr'><em>Ἰησοῦ</em></span> <span class='ocrx_word' id='word_1_19' title='bbox 1954 723 2172 820; x_wconf 77' lang='grc' dir='ltr'><strong><em>ὄνομα</em></strong></span> <span class='ocrx_word' id='word_1_20' title='bbox 2215 734 2327 803; x_wconf 86' lang='grc' dir='ltr'><strong><em>ἐπὶ</em></strong></span> <span class='ocrx_word' id='word_1_21' title='bbox 2370 735 2499 803; x_wconf 91' lang='grc' dir='ltr'><strong><em>τοῦ</em></strong></span> <span class='ocrx_word' id='word_1_22' title='bbox 2542 727 2752 818; x_wconf 80' lang='grc' dir='ltr'><strong><em>λόγου</em></strong></span> <span class='ocrx_word' id='word_1_23' title='bbox 2800 726 3020 818; x_wconf 83' lang='grc' dir='ltr'><strong><em>μόνου</em></strong></span> <span class='ocrx_word' id='word_1_24' title='bbox 3066 729 3401 802; x_wconf 76' lang='grc' dir='ltr'><strong><em>δεικνύναι</em></strong></span> 
     </span>
     <span class='ocr_line' id='line_1_4' title="bbox 907 826 3397 920; baseline -0.001 -18"><span class='ocrx_word' id='word_1_25' title='bbox 907 830 1238 904; x_wconf 80' lang='grc' dir='ltr'><strong><em>δύνασθαι</em></strong></span> <span class='ocrx_word' id='word_1_26' title='bbox 1310 837 1822 919; x_wconf 80' lang='grc' dir='ltr'><strong><em>ἐπαγγέλλοιτο,</em></strong></span> <span class='ocrx_word' id='word_1_27' title='bbox 1896 826 2157 920; x_wconf 74' lang='grc' dir='ltr'><strong><em>εὑρήσει</em></strong></span> <span class='ocrx_word' id='word_1_28' title='bbox 2227 835 2441 901; x_wconf 90' lang='grc' dir='ltr'><strong><em>τοῦτο</em></strong></span> <span class='ocrx_word' id='word_1_29' title='bbox 2512 836 2957 918; x_wconf 81' lang='grc' dir='ltr'><strong><em>προφητικῶς</em></strong></span> <span class='ocrx_word' id='word_1_30' title='bbox 3026 835 3397 919; x_wconf 77' lang='grc' dir='ltr'><strong><em>εἰρημένον,</em></strong></span> 
     </span>
     <span class='ocr_line' id='line_1_5' title="bbox 909 926 3397 1022; baseline -0.002 -20"><span class='ocrx_word' id='word_1_31' title='bbox 909 929 1139 1022; x_wconf 79' lang='grc' dir='ltr'><strong><em>ῶσπερ</em></strong></span> <span class='ocrx_word' id='word_1_32' title='bbox 1181 939 1294 1004; x_wconf 78' lang='grc' dir='ltr'><strong><em>καὶ</em></strong></span> <span class='ocrx_word' id='word_1_33' title='bbox 1337 927 1475 1004; x_wconf 84' lang='grc' dir='ltr'><strong><em>ἀπὸ</em></strong></span> <span class='ocrx_word' id='word_1_34' title='bbox 1521 929 1776 1002; x_wconf 81' lang='grc' dir='ltr'><strong><em>τούτου</em></strong></span> <span class='ocrx_word' id='word_1_35' title='bbox 1805 935 2045 1020; x_wconf 85' lang='grc' dir='ltr'><strong><em>δῆλον·</em></strong></span> <span class='ocrx_word' id='word_1_36' title='bbox 2112 933 2612 1018; x_wconf 69' lang='grc' dir='ltr'><strong><em>»παρέστησανι</em></strong></span> <span class='ocrx_word' id='word_1_37' title='bbox 2646 926 2775 1018; x_wconf 89' lang='grc' dir='ltr'><strong><em>γάρ</em></strong></span> <span class='ocrx_word' id='word_1_38' title='bbox 2820 951 3031 1019; x_wconf 90' lang='grc' dir='ltr'><strong><em>φησιν</em></strong></span> <span class='ocrx_word' id='word_1_39' title='bbox 3076 933 3179 1002; x_wconf 76' lang='grc' dir='ltr'><strong><em>»οἱ</em></strong></span> <span class='ocrx_word' id='word_1_40' title='bbox 3220 938 3397 1014; x_wconf 89' lang='grc' dir='ltr'><strong><em>βασι-</em></strong></span> 
     </span>
     <span class='ocr_line' id='line_1_6' title="bbox 711 1024 3400 1122; baseline -0.002 -18"><span class='ocrx_word' id='word_1_41' title='bbox 711 1055 744 1110; x_wconf 83' lang='grc'>5</span> <span class='ocrx_word' id='word_1_42' title='bbox 905 1043 1038 1115; x_wconf 85' lang='grc' dir='ltr'><strong><em>λετς</em></strong></span> <span class='ocrx_word' id='word_1_43' title='bbox 1082 1038 1204 1122; x_wconf 87' lang='grc' dir='ltr'><strong><em>τῆς</em></strong></span> <span class='ocrx_word' id='word_1_44' title='bbox 1246 1038 1368 1121; x_wconf 86' lang='grc' dir='ltr'><strong><em>γῆς</em></strong></span> <span class='ocrx_word' id='word_1_45' title='bbox 1407 1037 1522 1104; x_wconf 86' lang='grc' dir='ltr'><strong><em>καὶ</em></strong></span> <span class='ocrx_word' id='word_1_46' title='bbox 1575 1034 1640 1102; x_wconf 81' lang='grc' dir='ltr'><strong><em>οἱ</em></strong></span> <span class='ocrx_word' id='word_1_47' title='bbox 1694 1029 2021 1118; x_wconf 79' lang='grc' dir='ltr'><strong><em>ἄρχοντες</em></strong></span> <span class='ocrx_word' id='word_1_48' title='bbox 2074 1027 2515 1118; x_wconf 78' lang='grc' dir='ltr'><strong><em>συνήχθησαν</em></strong></span> <span class='ocrx_word' id='word_1_49' title='bbox 2556 1032 2667 1100; x_wconf 83' lang='grc' dir='ltr'><strong><em>ἐπὶ</em></strong></span> <span class='ocrx_word' id='word_1_50' title='bbox 2712 1028 2793 1102; x_wconf 86' lang='grc' dir='ltr'><strong><em>τὸ</em></strong></span> <span class='ocrx_word' id='word_1_51' title='bbox 2840 1024 3009 1099; x_wconf 73' lang='grc' dir='ltr'><strong><em>αὐτὸ</em></strong></span> <span class='ocrx_word' id='word_1_52' title='bbox 3050 1027 3227 1102; x_wconf 82' lang='grc' dir='ltr'><strong><em>κατὰ</em></strong></span> <span class='ocrx_word' id='word_1_53' title='bbox 3274 1035 3400 1100; x_wconf 90' lang='grc' dir='ltr'><strong><em>τοῦ</em></strong></span> 
     </span>
     <span class='ocr_line' id='line_1_7' title="bbox 903 1125 2340 1221; baseline -0.005 -18"><span class='ocrx_word' id='word_1_54' title='bbox 903 1139 1140 1221; x_wconf 79' lang='grc' dir='ltr'><strong><em>κυρίου</em></strong></span> <span class='ocrx_word' id='word_1_55' title='bbox 1181 1138 1292 1202; x_wconf 77' lang='grc' dir='ltr'><strong><em>καὶ</em></strong></span> <span class='ocrx_word' id='word_1_56' title='bbox 1335 1161 1512 1202; x_wconf 89' lang='grc' dir='ltr'><strong><em>κατα</em></strong></span> <span class='ocrx_word' id='word_1_57' title='bbox 1555 1135 1683 1202; x_wconf 86' lang='grc' dir='ltr'><strong><em>τοῦ</em></strong></span> <span class='ocrx_word' id='word_1_58' title='bbox 1725 1135 2029 1216; x_wconf 82' lang='grc' dir='ltr'><strong><em>Χριστοῦ</em></strong></span> <span class='ocrx_word' id='word_1_59' title='bbox 2070 1125 2340 1200; x_wconf 60' lang='grc' dir='ltr'><strong><em>αὐτοῦς.</em></strong></span> 
     </span>
     <span class='ocr_line' id='line_1_8' title="bbox 777 1228 1605 1321; baseline -0.005 -18"><span class='ocrx_word' id='word_1_60' title='bbox 777 1238 892 1303; x_wconf 85' lang='grc' dir='ltr'><strong><em>καὶ</em></strong></span> <span class='ocrx_word' id='word_1_61' title='bbox 935 1228 1088 1321; x_wconf 80' lang='grc' dir='ltr'><strong><em>μεθ’</em></strong></span> <span class='ocrx_word' id='word_1_62' title='bbox 1133 1230 1330 1321; x_wconf 78' lang='grc' dir='ltr'><strong><em>ἕτερα</em></strong></span> <span class='ocrx_word' id='word_1_63' title='bbox 1371 1228 1605 1320; x_wconf 78' lang='grc' dir='ltr'><strong><em>ἐπάγει</em></strong></span> 
     </span>
     <span class='ocr_line' id='line_1_9' title="bbox 903 1321 3401 1418; baseline -0 -16"><span class='ocrx_word' id='word_1_64' title='bbox 903 1335 1042 1418; x_wconf 85' lang='lat' dir='ltr'>(Nr.</span> <span class='ocrx_word' id='word_1_65' title='bbox 1079 1338 1186 1418; x_wconf 87' lang='grc'><strong><em>44)</em></strong></span> <span class='ocrx_word' id='word_1_66' title='bbox 1231 1327 1520 1413; x_wconf 78' lang='grc' dir='ltr'><strong><em>εἰκότως</em></strong></span> <span class='ocrx_word' id='word_1_67' title='bbox 1561 1321 1688 1401; x_wconf 81' lang='grc' dir='ltr'><strong><em>οῦν</em></strong></span> <span class='ocrx_word' id='word_1_68' title='bbox 1729 1327 1867 1416; x_wconf 82' lang='grc' dir='ltr'><strong><em>πρὸ</em></strong></span> <span class='ocrx_word' id='word_1_69' title='bbox 1908 1335 2035 1418; x_wconf 83' lang='grc' dir='ltr'><strong><em>τῆς</em></strong></span> <span class='ocrx_word' id='word_1_70' title='bbox 2075 1324 2383 1400; x_wconf 88' lang='grc' dir='ltr'><strong><em>καθόδου</em></strong></span> <span class='ocrx_word' id='word_1_71' title='bbox 2442 1333 2685 1416; x_wconf 78' lang='grc' dir='ltr'><strong><em>(τοῦτο</em></strong></span> <span class='ocrx_word' id='word_1_72' title='bbox 2730 1322 2879 1417; x_wconf 84' lang='grc' dir='ltr'><strong><em>ἧν&gt;,</em></strong></span> <span class='ocrx_word' id='word_1_73' title='bbox 2934 1321 3103 1416; x_wconf 75' lang='grc' dir='ltr'><strong><em>ὅπερ</em></strong></span> <span class='ocrx_word' id='word_1_74' title='bbox 3145 1327 3401 1401; x_wconf 86' lang='grc' dir='ltr'><strong><em>πολλά-</em></strong></span> 
     </span>
     <span class='ocr_line' id='line_1_10' title="bbox 903 1425 3399 1522; baseline -0.001 -20"><span class='ocrx_word' id='word_1_75' title='bbox 903 1461 1008 1514; x_wconf 89' lang='grc' dir='ltr'><strong><em>κις</em></strong></span> <span class='ocrx_word' id='word_1_76' title='bbox 1051 1433 1325 1522; x_wconf 79' lang='grc' dir='ltr'><strong><em>ἔφαμεν,</em></strong></span> <span class='ocrx_word' id='word_1_77' title='bbox 1371 1427 1597 1518; x_wconf 88' lang='grc' dir='ltr'><strong><em>λόγος·</em></strong></span> <span class='ocrx_word' id='word_1_78' title='bbox 1659 1429 1830 1518; x_wconf 80' lang='grc' dir='ltr'><strong><em>μετὰ</em></strong></span> <span class='ocrx_word' id='word_1_79' title='bbox 1860 1427 2093 1518; x_wconf 80' lang='grc' dir='ltr'><strong><em>δὲτὴν</em></strong></span> <span class='ocrx_word' id='word_1_80' title='bbox 2118 1425 2427 1500; x_wconf 86' lang='grc' dir='ltr'><strong><em>κάθοδον</em></strong></span> <span class='ocrx_word' id='word_1_81' title='bbox 2468 1435 2583 1500; x_wconf 84' lang='grc' dir='ltr'><strong><em>καὶ</em></strong></span> <span class='ocrx_word' id='word_1_82' title='bbox 2624 1427 2756 1518; x_wconf 85' lang='grc' dir='ltr'><strong><em>τὴν</em></strong></span> <span class='ocrx_word' id='word_1_83' title='bbox 2800 1434 2924 1518; x_wconf 85' lang='grc' dir='ltr'><strong><em>τῆς</em></strong></span> <span class='ocrx_word' id='word_1_84' title='bbox 2966 1426 3213 1518; x_wconf 86' lang='grc' dir='ltr'><strong><em>σαρκὸς</em></strong></span> <span class='ocrx_word' id='word_1_85' title='bbox 3240 1425 3399 1500; x_wconf 87' lang='grc' dir='ltr'><strong><em>ἀνά·</em></strong></span> 
     </span>
     <span class='ocr_line' id='line_1_11' title="bbox 671 1522 3399 1651; baseline -0 -49"><span class='ocrx_word' id='word_1_86' title='bbox 671 1549 738 1602; x_wconf 82' lang='grc'><strong><em>10</em></strong></span> <span class='ocrx_word' id='word_1_87' title='bbox 905 1543 1115 1651; x_wconf 79' lang='grc' dir='ltr'><strong><em>ληψιν</em></strong></span> <span class='ocrx_word' id='word_1_88' title='bbox 1157 1526 1514 1619; x_wconf 88' lang='grc' dir='ltr'><strong><em>διαφόρων</em></strong></span> <span class='ocrx_word' id='word_1_89' title='bbox 1556 1536 1668 1601; x_wconf 88' lang='grc' dir='ltr'><strong><em>καὶ</em></strong></span> <span class='ocrx_word' id='word_1_90' title='bbox 1714 1535 1865 1600; x_wconf 90' lang='grc' dir='ltr'><strong><em>τῶν</em></strong></span> <span class='ocrx_word' id='word_1_91' title='bbox 1906 1532 2293 1617; x_wconf 86' lang='grc' dir='ltr'><strong><em>ἐπηγοριῶν</em></strong></span> <span class='ocrx_word' id='word_1_92' title='bbox 2335 1526 2725 1618; x_wconf 80' lang='grc' dir='ltr'><strong><em>τετύχηκεν,</em></strong></span> <span class='ocrx_word' id='word_1_93' title='bbox 2788 1525 3018 1617; x_wconf 82' lang='grc' dir='ltr'><strong><em>ἐπειδὴ</em></strong></span> <span class='ocrx_word' id='word_1_94' title='bbox 3076 1522 3151 1597; x_wconf 74' lang='grc' dir='ltr'><strong><em>»ὁ</em></strong></span> <span class='ocrx_word' id='word_1_95' title='bbox 3198 1525 3399 1618; x_wconf 87' lang='grc' dir='ltr'><strong><em>λόγος</em></strong></span> 
     </span>
    </p>
   </div>
   <div class='ocr_carea' id='block_1_3' title="bbox 775 1627 3397 1819">
    <p class='ocr_par' dir='ltr' id='par_1_3' title="bbox 775 1634 3397 1819">
     <span class='ocr_line' id='line_1_12' title="bbox 1386 1658 1440 1700; baseline 0 -7"><span class='ocrx_word' id='word_1_96' title='bbox 1386 1658 1440 1700; x_wconf 68' lang='lat' dir='ltr'><strong><em>C.</em></strong></span> 
     </span>
     <span class='ocr_line' id='line_1_13' title="bbox 775 1627 3397 1819; baseline -0.001 -19"><span class='ocrx_word' id='word_1_97' title='bbox 775 1627 1440 1851; x_wconf 54' lang='grc' dir='ltr'><strong><em>τήρῖῗρὸἕπξξνδιῖὶο</em></strong></span> <span class='ocrx_word' id='word_1_98' title='bbox 1400 1726 1672 1801; x_wconf 79' lang='grc' dir='ltr'><strong><em>τούτων</em></strong></span> <span class='ocrx_word' id='word_1_99' title='bbox 1717 1725 2117 1815; x_wconf 84' lang='grc' dir='ltr'><strong><em>Μάρκελλος</em></strong></span> <span class='ocrx_word' id='word_1_100' title='bbox 2161 1723 2244 1798; x_wconf 85' lang='grc' dir='ltr'><strong><em>τὸ</em></strong></span> <span class='ocrx_word' id='word_1_101' title='bbox 2285 1721 2495 1815; x_wconf 77' lang='grc' dir='ltr'><strong><em>Ἰησοῦ</em></strong></span> <span class='ocrx_word' id='word_1_102' title='bbox 2535 1733 2648 1798; x_wconf 82' lang='grc' dir='ltr'><strong><em>καὶ</em></strong></span> <span class='ocrx_word' id='word_1_103' title='bbox 2679 1733 2983 1816; x_wconf 83' lang='grc' dir='ltr'><strong><em>Χριστοῦ</em></strong></span> <span class='ocrx_word' id='word_1_104' title='bbox 3027 1757 3244 1819; x_wconf 90' lang='grc' dir='ltr'><strong><em>ονομα</em></strong></span> <span class='ocrx_word' id='word_1_105' title='bbox 3284 1735 3397 1798; x_wconf 84' lang='grc' dir='ltr'><strong><em>καὶ</em></strong></span> 
     </span>
    </p>
   </div>
   <div class='ocr_carea' id='block_1_4' title="bbox 665 1824 3399 4006">
    <p class='ocr_par' dir='ltr' id='par_1_4' title="bbox 665 1824 3399 4006">
     <span class='ocr_line' id='line_1_14' title="bbox 776 1824 3395 1918; baseline 0 -19"><span class='ocrx_word' id='word_1_106' title='bbox 776 1828 900 1911; x_wconf 82' lang='grc' dir='ltr'><strong><em>τὰς</em></strong></span> <span class='ocrx_word' id='word_1_107' title='bbox 942 1828 1190 1912; x_wconf 80' lang='grc' dir='ltr'><strong><em>λοιπὰς</em></strong></span> <span class='ocrx_word' id='word_1_108' title='bbox 1215 1835 1330 1902; x_wconf 77' lang='lat'><strong><em>44¹</em></strong></span> <span class='ocrx_word' id='word_1_109' title='bbox 1354 1837 1812 1918; x_wconf 71' lang='grc' dir='ltr'><strong><em>προσηγορίας</em></strong></span> <span class='ocrx_word' id='word_1_110' title='bbox 1856 1829 1939 1898; x_wconf 89' lang='grc' dir='ltr'><strong><em>οὐ</em></strong></span> <span class='ocrx_word' id='word_1_111' title='bbox 1981 1825 2297 1910; x_wconf 81' lang='grc' dir='ltr'><strong><em>βούλεται</em></strong></span> <span class='ocrx_word' id='word_1_112' title='bbox 2338 1837 2605 1898; x_wconf 82' lang='grc' dir='ltr'><strong><em>κεῖσθαι</em></strong></span> <span class='ocrx_word' id='word_1_113' title='bbox 2647 1831 2756 1898; x_wconf 83' lang='grc' dir='ltr'><strong><em>ἐπὶ</em></strong></span> <span class='ocrx_word' id='word_1_114' title='bbox 2800 1833 2929 1898; x_wconf 90' lang='grc' dir='ltr'><strong><em>τοῦ</em></strong></span> <span class='ocrx_word' id='word_1_115' title='bbox 2970 1824 3197 1917; x_wconf 82' lang='grc' dir='ltr'><strong><em>λόγου,</em></strong></span> <span class='ocrx_word' id='word_1_116' title='bbox 3244 1824 3395 1899; x_wconf 80' lang='grc' dir='ltr'><strong><em>ἀλλ’</em></strong></span> 
     </span>
     <span class='ocr_line' id='line_1_15' title="bbox 775 1919 3399 2018; baseline 0 -20"><span class='ocrx_word' id='word_1_117' title='bbox 775 1931 886 1998; x_wconf 81' lang='grc' dir='ltr'><strong><em>ἐπὶ</em></strong></span> <span class='ocrx_word' id='word_1_118' title='bbox 928 1933 1054 2016; x_wconf 84' lang='grc' dir='ltr'><strong><em>τῆς</em></strong></span> <span class='ocrx_word' id='word_1_119' title='bbox 1097 1926 1342 2018; x_wconf 83' lang='grc' dir='ltr'><strong><em>σαρκὸς</em></strong></span> <span class='ocrx_word' id='word_1_120' title='bbox 1385 1919 1464 2017; x_wconf 83' lang='grc' dir='ltr'><strong><em>ἦς</em></strong></span> <span class='ocrx_word' id='word_1_121' title='bbox 1507 1923 1893 2017; x_wconf 87' lang='grc' dir='ltr'><strong><em>ἀνείληφεν.</em></strong></span> <span class='ocrx_word' id='word_1_122' title='bbox 1978 1923 2309 2016; x_wconf 86' lang='grc' dir='ltr'><strong><em>ἀναγκαία</em></strong></span> <span class='ocrx_word' id='word_1_123' title='bbox 2362 1932 2435 1998; x_wconf 81' lang='grc' dir='ltr'><strong><em>δὲ</em></strong></span> <span class='ocrx_word' id='word_1_124' title='bbox 2493 1923 2535 2014; x_wconf 82' lang='grc' dir='ltr'><strong><em>ἡ</em></strong></span> <span class='ocrx_word' id='word_1_125' title='bbox 2597 1925 3013 2017; x_wconf 82' lang='grc' dir='ltr'><strong><em>ἐπιτήρησις,</em></strong></span> <span class='ocrx_word' id='word_1_126' title='bbox 3076 1925 3161 1999; x_wconf 75' lang='grc' dir='ltr'><strong><em>ἵν’</em></strong></span> <span class='ocrx_word' id='word_1_127' title='bbox 3224 1921 3399 2000; x_wconf 77' lang='grc' dir='ltr'><strong><em>ὅταν</em></strong></span> 
     </span>
     <span class='ocr_line' id='line_1_16' title="bbox 675 2023 3399 2117; baseline -0 -20"><span class='ocrx_word' id='word_1_128' title='bbox 675 2045 739 2098; x_wconf 84' lang='grc'><strong><em>15</em></strong></span> <span class='ocrx_word' id='word_1_129' title='bbox 777 2023 986 2109; x_wconf 72' lang='grc' dir='ltr'><strong><em>αὐτὸς</em></strong></span> <span class='ocrx_word' id='word_1_130' title='bbox 1026 2025 1236 2100; x_wconf 90' lang='grc' dir='ltr'><strong><em>πάλιν</em></strong></span> <span class='ocrx_word' id='word_1_131' title='bbox 1281 2024 1594 2114; x_wconf 80' lang='grc' dir='ltr'><strong><em>ἀποβάλῃ</em></strong></span> <span class='ocrx_word' id='word_1_132' title='bbox 1647 2025 1776 2117; x_wconf 86' lang='grc' dir='ltr'><strong><em>τὴν</em></strong></span> <span class='ocrx_word' id='word_1_133' title='bbox 1836 2023 2049 2114; x_wconf 82' lang='grc' dir='ltr'><strong><em>σάρκα</em></strong></span> <span class='ocrx_word' id='word_1_134' title='bbox 2107 2031 2450 2116; x_wconf 77' lang='grc' dir='ltr'><strong><em>ἐλέγχοιτο</em></strong></span> <span class='ocrx_word' id='word_1_135' title='bbox 2512 2031 2607 2108; x_wconf 80' lang='grc' dir='ltr'><strong><em>εἰς</em></strong></span> <span class='ocrx_word' id='word_1_136' title='bbox 2670 2023 2886 2098; x_wconf 76' lang='grc' dir='ltr'><strong><em>αὐτὸν</em></strong></span> <span class='ocrx_word' id='word_1_137' title='bbox 2946 2023 3210 2114; x_wconf 78' lang='grc' dir='ltr'><strong><em>ἀσεβῶν</em></strong></span> <span class='ocrx_word' id='word_1_138' title='bbox 3268 2026 3399 2099; x_wconf 88' lang='grc' dir='ltr'><strong><em>τὸν</em></strong></span> 
     </span>
     <span class='ocr_line' id='line_1_17' title="bbox 774 2124 3395 2216; baseline -0.001 -18"><span class='ocrx_word' id='word_1_139' title='bbox 774 2124 1076 2215; x_wconf 83' lang='grc' dir='ltr'><strong><em>Χριστὸν</em></strong></span> <span class='ocrx_word' id='word_1_140' title='bbox 1119 2135 1248 2200; x_wconf 89' lang='grc' dir='ltr'><strong><em>τοῦ</em></strong></span> <span class='ocrx_word' id='word_1_141' title='bbox 1290 2133 1474 2199; x_wconf 88' lang='grc' dir='ltr'><strong><em>θεοῦ.</em></strong></span> <span class='ocrx_word' id='word_1_142' title='bbox 1559 2126 1726 2216; x_wconf 82' lang='grc' dir='ltr'><strong><em>μετὰ</em></strong></span> <span class='ocrx_word' id='word_1_143' title='bbox 1769 2125 1851 2214; x_wconf 87' lang='grc' dir='ltr'><strong><em>δὴ</em></strong></span> <span class='ocrx_word' id='word_1_144' title='bbox 1898 2124 1983 2197; x_wconf 82' lang='grc' dir='ltr'><strong><em>τὰ</em></strong></span> <span class='ocrx_word' id='word_1_145' title='bbox 2026 2132 2501 2214; x_wconf 85' lang='grc' dir='ltr'><strong><em>προλεχθέντα</em></strong></span> <span class='ocrx_word' id='word_1_146' title='bbox 2544 2127 2695 2216; x_wconf 76' lang='grc' dir='ltr'><strong><em>ἑξῆς</em></strong></span> <span class='ocrx_word' id='word_1_147' title='bbox 2746 2127 3013 2214; x_wconf 77' lang='grc' dir='ltr'><strong><em>προϊών</em></strong></span> <span class='ocrx_word' id='word_1_148' title='bbox 3064 2124 3196 2213; x_wconf 80' lang='grc' dir='ltr'><strong><em>[τὰ]</em></strong></span> <span class='ocrx_word' id='word_1_149' title='bbox 3240 2133 3395 2216; x_wconf 89' lang='grc' dir='ltr'><strong><em>περὶ</em></strong></span> 
     </span>
     <span class='ocr_line' id='line_1_18' title="bbox 771 2221 2399 2316; baseline -0.001 -20"><span class='ocrx_word' id='word_1_150' title='bbox 771 2232 900 2297; x_wconf 88' lang='grc' dir='ltr'><strong><em>τοῦ</em></strong></span> <span class='ocrx_word' id='word_1_151' title='bbox 940 2227 1258 2316; x_wconf 75' lang='grc' dir='ltr'><strong><em>σώματος</em></strong></span> <span class='ocrx_word' id='word_1_152' title='bbox 1301 2233 1428 2298; x_wconf 89' lang='grc' dir='ltr'><strong><em>τοῦ</em></strong></span> <span class='ocrx_word' id='word_1_153' title='bbox 1469 2232 1782 2315; x_wconf 85' lang='grc' dir='ltr'><strong><em>σωτῆρος</em></strong></span> <span class='ocrx_word' id='word_1_154' title='bbox 1821 2232 2115 2298; x_wconf 90' lang='grc' dir='ltr'><strong><em>τοιαῦτα</em></strong></span> <span class='ocrx_word' id='word_1_155' title='bbox 2156 2221 2399 2313; x_wconf 86' lang='grc' dir='ltr'><strong><em>γράφει</em></strong></span> 
     </span>
     <span class='ocr_line' id='line_1_19' title="bbox 899 2320 3393 2416; baseline 0 -20"><span class='ocrx_word' id='word_1_156' title='bbox 899 2331 1038 2413; x_wconf 87' lang='lat' dir='ltr'>(Nr.</span> <span class='ocrx_word' id='word_1_157' title='bbox 1070 2333 1133 2414; x_wconf 89' lang='lat'><strong><em>8)</em></strong></span> <span class='ocrx_word' id='word_1_158' title='bbox 1176 2333 1290 2399; x_wconf 85' lang='grc' dir='ltr'><strong><em>καὶ</em></strong></span> <span class='ocrx_word' id='word_1_159' title='bbox 1329 2325 1420 2416; x_wconf 86' lang='grc' dir='ltr'><strong><em>μὴ</em></strong></span> <span class='ocrx_word' id='word_1_160' title='bbox 1467 2332 1678 2398; x_wconf 86' lang='grc' dir='ltr'><strong><em>τοῦτο</em></strong></span> <span class='ocrx_word' id='word_1_161' title='bbox 1723 2322 2075 2398; x_wconf 85' lang='grc' dir='ltr'><strong><em>ἀπίθανον</em></strong></span> <span class='ocrx_word' id='word_1_162' title='bbox 2117 2324 2289 2396; x_wconf 83' lang='grc' dir='ltr'><strong><em>εἶναι</em></strong></span> <span class='ocrx_word' id='word_1_163' title='bbox 2334 2331 2667 2414; x_wconf 77' lang='grc' dir='ltr'><strong><em>νομιζέτω</em></strong></span> <span class='ocrx_word' id='word_1_164' title='bbox 2707 2320 3067 2414; x_wconf 77' lang='grc' dir='ltr'><strong><em>Ἀστέριος,</em></strong></span> <span class='ocrx_word' id='word_1_165' title='bbox 3130 2331 3187 2396; x_wconf 83' lang='grc' dir='ltr'><strong><em>εἰ</em></strong></span> <span class='ocrx_word' id='word_1_166' title='bbox 3230 2326 3393 2398; x_wconf 81' lang='grc' dir='ltr'><strong><em>νεώ-</em></strong></span> 
     </span>
     <span class='ocr_line' id='line_1_20' title="bbox 897 2421 3390 2547; baseline -0 -50"><span class='ocrx_word' id='word_1_167' title='bbox 897 2453 1102 2515; x_wconf 87' lang='grc' dir='ltr'><strong><em>τερον</em></strong></span> <span class='ocrx_word' id='word_1_168' title='bbox 1147 2455 1228 2496; x_wconf 90' lang='grc' dir='ltr'><strong><em>ον</em></strong></span> <span class='ocrx_word' id='word_1_169' title='bbox 1272 2421 1484 2498; x_wconf 73' lang='grc' dir='ltr'><strong><em>αὐτοῦ</em></strong></span> <span class='ocrx_word' id='word_1_170' title='bbox 1527 2425 1676 2514; x_wconf 88' lang='grc' dir='ltr'><strong><em>&lt;τό&gt;</em></strong></span> <span class='ocrx_word' id='word_1_171' title='bbox 1722 2431 1914 2515; x_wconf 87' lang='grc' dir='ltr'><strong><em>σῶμα</em></strong></span> <span class='ocrx_word' id='word_1_172' title='bbox 1958 2423 2295 2514; x_wconf 81' lang='grc' dir='ltr'><strong><em>τοσαύτης</em></strong></span> <span class='ocrx_word' id='word_1_173' title='bbox 2326 2444 2552 2547; x_wconf 79' lang='grc' dir='ltr'><strong><em>τυχεῖν</em></strong></span> <span class='ocrx_word' id='word_1_174' title='bbox 2581 2421 3030 2514; x_wconf 86' lang='grc' dir='ltr'><strong><em>ἀρχαιότητος</em></strong></span> <span class='ocrx_word' id='word_1_175' title='bbox 3058 2424 3390 2515; x_wconf 90' lang='grc' dir='ltr'><strong><em>ἐδυνήθη·</em></strong></span> 
     </span>
     <span class='ocr_line' id='line_1_21' title="bbox 667 2520 3393 2614; baseline 0.001 -21"><span class='ocrx_word' id='word_1_176' title='bbox 667 2539 735 2593; x_wconf 86' lang='grc'><strong><em>20</em></strong></span> <span class='ocrx_word' id='word_1_177' title='bbox 897 2520 1043 2596; x_wconf 79' lang='grc' dir='ltr'><strong><em>ἀλλ’</em></strong></span> <span class='ocrx_word' id='word_1_178' title='bbox 1089 2529 1432 2610; x_wconf 78' lang='grc' dir='ltr'><strong><em>ἐννοείτω,</em></strong></span> <span class='ocrx_word' id='word_1_179' title='bbox 1489 2554 1599 2597; x_wconf 93' lang='grc' dir='ltr'><strong><em>οτι</em></strong></span> <span class='ocrx_word' id='word_1_180' title='bbox 1641 2531 1764 2614; x_wconf 80' lang='grc' dir='ltr'><strong><em>&lt;εί&gt;</em></strong></span> <span class='ocrx_word' id='word_1_181' title='bbox 1810 2531 1920 2594; x_wconf 86' lang='grc' dir='ltr'><strong><em>καὶ</em></strong></span> <span class='ocrx_word' id='word_1_182' title='bbox 1962 2520 2253 2614; x_wconf 89' lang='grc' dir='ltr'><strong><em>μάλιστα</em></strong></span> <span class='ocrx_word' id='word_1_183' title='bbox 2298 2525 2431 2614; x_wconf 86' lang='grc' dir='ltr'><strong><em>τὴν</em></strong></span> <span class='ocrx_word' id='word_1_184' title='bbox 2472 2520 2927 2613; x_wconf 71' lang='grc' dir='ltr'><strong><em>ἀνθρωπίνην</em></strong></span> <span class='ocrx_word' id='word_1_185' title='bbox 2970 2521 3183 2614; x_wconf 81' lang='grc' dir='ltr'><strong><em>σάρκα</em></strong></span> <span class='ocrx_word' id='word_1_186' title='bbox 3228 2553 3393 2596; x_wconf 89' lang='grc' dir='ltr'><strong><em>νεω-</em></strong></span> 
     </span>
     <span class='ocr_line' id='line_1_22' title="bbox 893 2619 3392 2714; baseline 0 -20"><span class='ocrx_word' id='word_1_187' title='bbox 893 2632 1101 2714; x_wconf 84' lang='grc' dir='ltr'><strong><em>τέραν</em></strong></span> <span class='ocrx_word' id='word_1_188' title='bbox 1145 2627 1315 2697; x_wconf 84' lang='grc' dir='ltr'><strong><em>εἶναι</em></strong></span> <span class='ocrx_word' id='word_1_189' title='bbox 1357 2632 1726 2714; x_wconf 86' lang='grc' dir='ltr'><strong><em>συμβαίνει,</em></strong></span> <span class='ocrx_word' id='word_1_190' title='bbox 1783 2653 1971 2712; x_wconf 90' lang='grc' dir='ltr'><strong><em>ομως</em></strong></span> <span class='ocrx_word' id='word_1_191' title='bbox 2014 2619 2053 2696; x_wconf 85' lang='grc' dir='ltr'><strong><em>ό</em></strong></span> <span class='ocrx_word' id='word_1_192' title='bbox 2098 2653 2359 2713; x_wconf 89' lang='grc' dir='ltr'><strong><em>ταυτην</em></strong></span> <span class='ocrx_word' id='word_1_193' title='bbox 2404 2620 2771 2710; x_wconf 80' lang='grc' dir='ltr'><strong><em>ἀναλαβεῖν</em></strong></span> <span class='ocrx_word' id='word_1_194' title='bbox 2813 2620 2897 2695; x_wconf 77' lang='grc' dir='ltr'><strong><em>δι’</em></strong></span> <span class='ocrx_word' id='word_1_195' title='bbox 2942 2619 3148 2714; x_wconf 81' lang='grc' dir='ltr'><strong><em>ἀγνῆς</em></strong></span> <span class='ocrx_word' id='word_1_196' title='bbox 3188 2620 3392 2711; x_wconf 73' lang='grc' dir='ltr'><strong><em>ἀξιώ-</em></strong></span> 
     </span>
     <span class='ocr_line' id='line_1_23' title="bbox 893 2719 3391 2815; baseline 0.001 -21"><span class='ocrx_word' id='word_1_197' title='bbox 893 2747 1013 2808; x_wconf 88' lang='grc' dir='ltr'><strong><em>σας</em></strong></span> <span class='ocrx_word' id='word_1_198' title='bbox 1041 2731 1392 2812; x_wconf 83' lang='grc' dir='ltr'><strong><em>παρθένου</em></strong></span> <span class='ocrx_word' id='word_1_199' title='bbox 1431 2721 1652 2814; x_wconf 89' lang='grc' dir='ltr'><strong><em>λόγος,</em></strong></span> <span class='ocrx_word' id='word_1_200' title='bbox 1697 2723 1914 2814; x_wconf 76' lang='grc' dir='ltr'><strong><em>ταύτῃ</em></strong></span> <span class='ocrx_word' id='word_1_201' title='bbox 1945 2723 2029 2798; x_wconf 86' lang='grc' dir='ltr'><strong><em>τὸ</em></strong></span> <span class='ocrx_word' id='word_1_202' title='bbox 2074 2725 2321 2797; x_wconf 77' lang='grc' dir='ltr'><strong><em>ἑαυτοῦ</em></strong></span> <span class='ocrx_word' id='word_1_203' title='bbox 2365 2725 2641 2809; x_wconf 80' lang='grc' dir='ltr'><strong><em>ἑνῶσας,</em></strong></span> <span class='ocrx_word' id='word_1_204' title='bbox 2688 2719 2773 2797; x_wconf 78' lang='grc' dir='ltr'><strong><em>οὗ</em></strong></span> <span class='ocrx_word' id='word_1_205' title='bbox 2812 2720 3032 2815; x_wconf 88' lang='grc' dir='ltr'><strong><em>μόνον</em></strong></span> <span class='ocrx_word' id='word_1_206' title='bbox 3082 2721 3391 2813; x_wconf 75' lang='grc' dir='ltr'><strong><em>»πρωτό-</em></strong></span> 
     </span>
     <span class='ocr_line' id='line_1_24' title="bbox 893 2820 3391 2915; baseline 0.001 -22"><span class='ocrx_word' id='word_1_207' title='bbox 893 2851 1106 2895; x_wconf 88' lang='grc' dir='ltr'><strong><em>τοκον</em></strong></span> <span class='ocrx_word' id='word_1_208' title='bbox 1132 2822 1352 2915; x_wconf 88' lang='grc' dir='ltr'><strong><em>πάσης</em></strong></span> <span class='ocrx_word' id='word_1_209' title='bbox 1392 2834 1710 2908; x_wconf 64' lang='grc' dir='ltr'><strong><em>κτίσεως(</em></strong></span> <span class='ocrx_word' id='word_1_210' title='bbox 1761 2822 1889 2897; x_wconf 83' lang='grc' dir='ltr'><strong><em>τὸν</em></strong></span> <span class='ocrx_word' id='word_1_211' title='bbox 1930 2827 2005 2895; x_wconf 86' lang='grc' dir='ltr'><strong><em>ἐν</em></strong></span> <span class='ocrx_word' id='word_1_212' title='bbox 2050 2826 2271 2913; x_wconf 73' lang='grc' dir='ltr'><strong><em>ἐαυτῷ</em></strong></span> <span class='ocrx_word' id='word_1_213' title='bbox 2318 2824 2700 2915; x_wconf 82' lang='grc' dir='ltr'><strong><em>ἄνθρωπον</em></strong></span> <span class='ocrx_word' id='word_1_214' title='bbox 2743 2831 3119 2897; x_wconf 86' lang='grc' dir='ltr'><strong><em>κτισθέντα</em></strong></span> <span class='ocrx_word' id='word_1_215' title='bbox 3162 2820 3391 2911; x_wconf 87' lang='grc' dir='ltr'><strong><em>ἀπειρ-</em></strong></span> 
     </span>
     <span class='ocr_line' id='line_1_25' title="bbox 891 2920 3390 3015; baseline 0.002 -23"><span class='ocrx_word' id='word_1_216' title='bbox 891 2922 1176 3011; x_wconf 88' lang='grc' dir='ltr'><strong><em>γάσατο,</em></strong></span> <span class='ocrx_word' id='word_1_217' title='bbox 1235 2920 1408 2996; x_wconf 77' lang='grc' dir='ltr'><strong><em>ἀλλὰ</em></strong></span> <span class='ocrx_word' id='word_1_218' title='bbox 1449 2932 1562 2997; x_wconf 85' lang='grc' dir='ltr'><strong><em>καὶ</em></strong></span> <span class='ocrx_word' id='word_1_219' title='bbox 1607 2921 1820 3015; x_wconf 85' lang='grc' dir='ltr'><strong><em>ἀρχὴν</em></strong></span> <span class='ocrx_word' id='word_1_220' title='bbox 1862 2920 2199 2997; x_wconf 82' lang='grc' dir='ltr'><strong><em>ἀπάντων</em></strong></span> <span class='ocrx_word' id='word_1_221' title='bbox 2242 2920 2457 2998; x_wconf 71' lang='grc' dir='ltr'><strong><em>αὐτὸν</em></strong></span> <span class='ocrx_word' id='word_1_222' title='bbox 2500 2925 2675 2995; x_wconf 81' lang='grc' dir='ltr'><strong><em>εἶναι</em></strong></span> <span class='ocrx_word' id='word_1_223' title='bbox 2714 2922 3057 3009; x_wconf 79' lang='grc' dir='ltr'><strong><em>βούλεται,</em></strong></span> <span class='ocrx_word' id='word_1_224' title='bbox 3114 2920 3198 2996; x_wconf 75' lang='grc' dir='ltr'><strong><em>οὔ</em></strong></span> <span class='ocrx_word' id='word_1_225' title='bbox 3242 2932 3390 2996; x_wconf 87' lang='grc' dir='ltr'><strong><em>τῶν</em></strong></span> 
     </span>
     <span class='ocr_line' id='line_1_26' title="bbox 665 3019 2505 3113; baseline 0.002 -22"><span class='ocrx_word' id='word_1_226' title='bbox 665 3044 734 3100; x_wconf 84' lang='lat'><strong><em>25</em></strong></span> <span class='ocrx_word' id='word_1_227' title='bbox 892 3024 1006 3092; x_wconf 86' lang='grc' dir='ltr'><strong><em>ἐπὶ</em></strong></span> <span class='ocrx_word' id='word_1_228' title='bbox 1048 3028 1169 3112; x_wconf 85' lang='grc' dir='ltr'><strong><em>γῆς</em></strong></span> <span class='ocrx_word' id='word_1_229' title='bbox 1211 3020 1447 3112; x_wconf 90' lang='grc' dir='ltr'><strong><em>μόνον,</em></strong></span> <span class='ocrx_word' id='word_1_230' title='bbox 1493 3020 1666 3097; x_wconf 85' lang='grc' dir='ltr'><strong><em>ἀλλὰ</em></strong></span> <span class='ocrx_word' id='word_1_231' title='bbox 1707 3032 1820 3096; x_wconf 86' lang='grc' dir='ltr'><strong><em>καὶ</em></strong></span> <span class='ocrx_word' id='word_1_232' title='bbox 1865 3032 2009 3096; x_wconf 87' lang='grc' dir='ltr'><strong><em>τῶν</em></strong></span> <span class='ocrx_word' id='word_1_233' title='bbox 2052 3028 2129 3097; x_wconf 86' lang='grc' dir='ltr'><strong><em>ἐν</em></strong></span> <span class='ocrx_word' id='word_1_234' title='bbox 2171 3019 2505 3113; x_wconf 81' lang='grc' dir='ltr'><strong><em>οὖρανοτς.</em></strong></span> 
     </span>
     <span class='ocr_line' id='line_1_27' title="bbox 769 3115 3389 3213; baseline 0.003 -23"><span class='ocrx_word' id='word_1_235' title='bbox 769 3127 1072 3194; x_wconf 89' lang='grc' dir='ltr'><strong><em>τοσαῦτα</em></strong></span> <span class='ocrx_word' id='word_1_236' title='bbox 1116 3124 1330 3196; x_wconf 77' lang='grc' dir='ltr'><strong><em>εἰπών</em></strong></span> <span class='ocrx_word' id='word_1_237' title='bbox 1373 3120 1524 3213; x_wconf 83' lang='grc' dir='ltr'><strong><em>μεθ’</em></strong></span> <span class='ocrx_word' id='word_1_238' title='bbox 1573 3126 1769 3211; x_wconf 73' lang='grc' dir='ltr'><strong><em>ἕτερα</em></strong></span> <span class='ocrx_word' id='word_1_239' title='bbox 1807 3124 1931 3207; x_wconf 85' lang='grc' dir='ltr'><strong><em>τὰς</em></strong></span> <span class='ocrx_word' id='word_1_240' title='bbox 1972 3118 2431 3207; x_wconf 82' lang='grc' dir='ltr'><strong><em>ἀποστολικάς</em></strong></span> <span class='ocrx_word' id='word_1_241' title='bbox 2476 3120 2736 3211; x_wconf 87' lang='grc' dir='ltr'><strong><em>φωνάς,</em></strong></span> <span class='ocrx_word' id='word_1_242' title='bbox 2790 3120 2873 3195; x_wconf 83' lang='grc' dir='ltr'><strong><em>δι’</em></strong></span> <span class='ocrx_word' id='word_1_243' title='bbox 2922 3115 3026 3195; x_wconf 80' lang='grc' dir='ltr'><strong><em>ῶν</em></strong></span> <span class='ocrx_word' id='word_1_244' title='bbox 3068 3121 3197 3195; x_wconf 85' lang='grc' dir='ltr'><strong><em>τὸν</em></strong></span> <span class='ocrx_word' id='word_1_245' title='bbox 3238 3122 3389 3197; x_wconf 78' lang='grc' dir='ltr'><strong><em>υἱὸν</em></strong></span> 
     </span>
     <span class='ocr_line' id='line_1_28' title="bbox 768 3217 3389 3312; baseline 0.001 -22"><span class='ocrx_word' id='word_1_246' title='bbox 768 3226 893 3292; x_wconf 88' lang='grc' dir='ltr'><strong><em>τοῦ</em></strong></span> <span class='ocrx_word' id='word_1_247' title='bbox 935 3228 1108 3293; x_wconf 85' lang='grc' dir='ltr'><strong><em>θεοῦ</em></strong></span> <span class='ocrx_word' id='word_1_248' title='bbox 1151 3231 1475 3311; x_wconf 82' lang='grc' dir='ltr'><strong><em>θεολογετ</em></strong></span> <span class='ocrx_word' id='word_1_249' title='bbox 1516 3221 1801 3311; x_wconf 85' lang='grc' dir='ltr'><strong><em>φάσκων</em></strong></span> <span class='ocrx_word' id='word_1_250' title='bbox 1852 3217 1967 3306; x_wconf 74' lang='grc' dir='ltr'><strong><em>»ὅς</em></strong></span> <span class='ocrx_word' id='word_1_251' title='bbox 2008 3226 2193 3294; x_wconf 87' lang='grc' dir='ltr'><strong><em>ἐστιν</em></strong></span> <span class='ocrx_word' id='word_1_252' title='bbox 2238 3223 2445 3295; x_wconf 80' lang='grc' dir='ltr'><strong><em>εἰκῶν</em></strong></span> <span class='ocrx_word' id='word_1_253' title='bbox 2490 3230 2613 3295; x_wconf 90' lang='grc' dir='ltr'><strong><em>τοῦ</em></strong></span> <span class='ocrx_word' id='word_1_254' title='bbox 2656 3230 2827 3295; x_wconf 86' lang='grc' dir='ltr'><strong><em>θεοῦ</em></strong></span> <span class='ocrx_word' id='word_1_255' title='bbox 2880 3229 3006 3295; x_wconf 90' lang='grc' dir='ltr'><strong><em>τοῦ</em></strong></span> <span class='ocrx_word' id='word_1_256' title='bbox 3064 3219 3389 3312; x_wconf 86' lang='grc' dir='ltr'><strong><em>ἀοράτου,</em></strong></span> 
     </span>
     <span class='ocr_line' id='line_1_29' title="bbox 763 3315 3389 3412; baseline 0.002 -23"><span class='ocrx_word' id='word_1_257' title='bbox 763 3316 1217 3408; x_wconf 89' lang='grc' dir='ltr'><strong><em>πρωτότοκος</em></strong></span> <span class='ocrx_word' id='word_1_258' title='bbox 1258 3319 1480 3412; x_wconf 90' lang='grc' dir='ltr'><strong><em>πάσης</em></strong></span> <span class='ocrx_word' id='word_1_259' title='bbox 1521 3330 1834 3405; x_wconf 88' lang='grc' dir='ltr'><strong><em>κτίσεως·</em></strong></span> <span class='ocrx_word' id='word_1_260' title='bbox 1908 3315 2019 3395; x_wconf 77' lang='grc' dir='ltr'><strong><em>ὅτι</em></strong></span> <span class='ocrx_word' id='word_1_261' title='bbox 2075 3326 2151 3393; x_wconf 90' lang='grc' dir='ltr'><strong><em>ἐν</em></strong></span> <span class='ocrx_word' id='word_1_262' title='bbox 2204 3320 2391 3412; x_wconf 74' lang='grc' dir='ltr'><strong><em>αὐτῷ</em></strong></span> <span class='ocrx_word' id='word_1_263' title='bbox 2446 3328 2727 3412; x_wconf 84' lang='grc' dir='ltr'><strong><em>ἐκτίσθη</em></strong></span> <span class='ocrx_word' id='word_1_264' title='bbox 2781 3322 2870 3394; x_wconf 80' lang='grc' dir='ltr'><strong><em>τὰ</em></strong></span> <span class='ocrx_word' id='word_1_265' title='bbox 2910 3321 3141 3395; x_wconf 89' lang='grc' dir='ltr'><strong><em>πάντα</em></strong></span> <span class='ocrx_word' id='word_1_266' title='bbox 3186 3321 3273 3395; x_wconf 80' lang='grc' dir='ltr'><strong><em>τὰ</em></strong></span> <span class='ocrx_word' id='word_1_267' title='bbox 3316 3328 3389 3394; x_wconf 84' lang='grc' dir='ltr'><strong><em>ἐν</em></strong></span> 
     </span>
     <span class='ocr_line' id='line_1_30' title="bbox 767 3416 3387 3513; baseline 0.001 -22"><span class='ocrx_word' id='word_1_268' title='bbox 767 3436 912 3502; x_wconf 83' lang='grc' dir='ltr'><strong><em>τοῖς</em></strong></span> <span class='ocrx_word' id='word_1_269' title='bbox 957 3416 1277 3510; x_wconf 75' lang='grc' dir='ltr'><strong><em>οὐρανοῖς</em></strong></span> <span class='ocrx_word' id='word_1_270' title='bbox 1318 3428 1430 3493; x_wconf 81' lang='grc' dir='ltr'><strong><em>καὶ</em></strong></span> <span class='ocrx_word' id='word_1_271' title='bbox 1475 3422 1561 3493; x_wconf 84' lang='grc' dir='ltr'><strong><em>τὰ</em></strong></span> <span class='ocrx_word' id='word_1_272' title='bbox 1605 3426 1716 3493; x_wconf 76' lang='grc' dir='ltr'><strong><em>ἐπὶ</em></strong></span> <span class='ocrx_word' id='word_1_273' title='bbox 1758 3427 1883 3513; x_wconf 86' lang='grc' dir='ltr'><strong><em>τῆς</em></strong></span> <span class='ocrx_word' id='word_1_274' title='bbox 1924 3427 2075 3511; x_wconf 87' lang='grc' dir='ltr'><strong><em>γῆς,</em></strong></span> <span class='ocrx_word' id='word_1_275' title='bbox 2137 3426 2273 3493; x_wconf 80' lang='grc' dir='ltr'><strong><em>εἴτε</em></strong></span> <span class='ocrx_word' id='word_1_276' title='bbox 2328 3420 2580 3513; x_wconf 88' lang='grc' dir='ltr'><strong><em>θρόνοι</em></strong></span> <span class='ocrx_word' id='word_1_277' title='bbox 2632 3428 2767 3496; x_wconf 82' lang='grc' dir='ltr'><strong><em>εἴτε</em></strong></span> <span class='ocrx_word' id='word_1_278' title='bbox 2808 3420 3209 3512; x_wconf 83' lang='grc' dir='ltr'><strong><em>κυριότητες</em></strong></span> <span class='ocrx_word' id='word_1_279' title='bbox 3254 3426 3387 3493; x_wconf 78' lang='grc' dir='ltr'><strong><em>εἴτε</em></strong></span> 
     </span>
     <span class='ocr_line' id='line_1_31' title="bbox 665 3513 3391 3607; baseline -0.001 -12"><span class='ocrx_word' id='word_1_280' title='bbox 665 3540 734 3595; x_wconf 85' lang='grc'><strong><em>30</em></strong></span> <span class='ocrx_word' id='word_1_281' title='bbox 767 3513 964 3607; x_wconf 86' lang='grc' dir='ltr'><strong><em>ἀρχαὶ</em></strong></span> <span class='ocrx_word' id='word_1_282' title='bbox 1007 3523 1139 3591; x_wconf 77' lang='grc' dir='ltr'><strong><em>εἴτε</em></strong></span> <span class='ocrx_word' id='word_1_283' title='bbox 1183 3526 1495 3607; x_wconf 75' lang='grc' dir='ltr'><strong><em>ἐξουσίαι,</em></strong></span> <span class='ocrx_word' id='word_1_284' title='bbox 1542 3522 1629 3593; x_wconf 83' lang='grc' dir='ltr'><strong><em>τὰ</em></strong></span> <span class='ocrx_word' id='word_1_285' title='bbox 1671 3520 1903 3594; x_wconf 89' lang='grc' dir='ltr'><strong><em>πάντα</em></strong></span> <span class='ocrx_word' id='word_1_286' title='bbox 1948 3518 2031 3594; x_wconf 79' lang='grc' dir='ltr'><strong><em>δι’</em></strong></span> <span class='ocrx_word' id='word_1_287' title='bbox 2076 3518 2291 3595; x_wconf 75' lang='grc' dir='ltr'><strong><em>αὐτοῦ</em></strong></span> <span class='ocrx_word' id='word_1_288' title='bbox 2331 3529 2443 3595; x_wconf 81' lang='grc' dir='ltr'><strong><em>καὶ</em></strong></span> <span class='ocrx_word' id='word_1_289' title='bbox 2488 3528 2581 3605; x_wconf 79' lang='grc' dir='ltr'><strong><em>εἰς</em></strong></span> <span class='ocrx_word' id='word_1_290' title='bbox 2623 3519 2837 3595; x_wconf 73' lang='grc' dir='ltr'><strong><em>αὐτὸν</em></strong></span> <span class='ocrx_word' id='word_1_291' title='bbox 2882 3526 3208 3594; x_wconf 79' lang='grc' dir='ltr'><strong><em>ἔκτισται·</em></strong></span> <span class='ocrx_word' id='word_1_292' title='bbox 3280 3528 3391 3593; x_wconf 86' lang='grc' dir='ltr'><strong><em>καὶ</em></strong></span> 
     </span>
     <span class='ocr_line' id='line_1_32' title="bbox 769 3615 3389 3712; baseline 0.002 -25"><span class='ocrx_word' id='word_1_293' title='bbox 769 3615 975 3701; x_wconf 84' lang='grc' dir='ltr'><strong><em>αὐτός</em></strong></span> <span class='ocrx_word' id='word_1_294' title='bbox 1017 3623 1202 3691; x_wconf 87' lang='grc' dir='ltr'><strong><em>ἐστιν</em></strong></span> <span class='ocrx_word' id='word_1_295' title='bbox 1246 3619 1383 3712; x_wconf 85' lang='grc' dir='ltr'><strong><em>πρὸ</em></strong></span> <span class='ocrx_word' id='word_1_296' title='bbox 1425 3620 1716 3693; x_wconf 84' lang='grc' dir='ltr'><strong><em>πάντων</em></strong></span> <span class='ocrx_word' id='word_1_297' title='bbox 1755 3629 1871 3694; x_wconf 85' lang='grc' dir='ltr'><strong><em>καὶ</em></strong></span> <span class='ocrx_word' id='word_1_298' title='bbox 1913 3620 1999 3693; x_wconf 82' lang='grc' dir='ltr'><strong><em>τὰ</em></strong></span> <span class='ocrx_word' id='word_1_299' title='bbox 2043 3619 2275 3693; x_wconf 82' lang='grc' dir='ltr'><strong><em>πάντα</em></strong></span> <span class='ocrx_word' id='word_1_300' title='bbox 2328 3626 2418 3705; x_wconf 76' lang='grc' dir='ltr'><strong><em>εἰς</em></strong></span> <span class='ocrx_word' id='word_1_301' title='bbox 2472 3618 2687 3695; x_wconf 71' lang='grc' dir='ltr'><strong><em>αὐτὸν</em></strong></span> <span class='ocrx_word' id='word_1_302' title='bbox 2740 3628 3217 3712; x_wconf 70' lang='grc' dir='ltr'><strong><em>συνέστηκενι,</em></strong></span> <span class='ocrx_word' id='word_1_303' title='bbox 3280 3626 3389 3693; x_wconf 80' lang='grc' dir='ltr'><strong><em>ἐπὶ</em></strong></span> 
     </span>
     <span class='ocr_line' id='line_1_33' title="bbox 768 3716 3387 3810; baseline 0.002 -22"><span class='ocrx_word' id='word_1_304' title='bbox 768 3716 896 3807; x_wconf 83' lang='grc' dir='ltr'><strong><em>τὴν</em></strong></span> <span class='ocrx_word' id='word_1_305' title='bbox 941 3716 1156 3808; x_wconf 88' lang='grc' dir='ltr'><strong><em>σάρκα</em></strong></span> <span class='ocrx_word' id='word_1_306' title='bbox 1199 3716 1542 3809; x_wconf 88' lang='grc' dir='ltr'><strong><em>ἀναφέρει,</em></strong></span> <span class='ocrx_word' id='word_1_307' title='bbox 1587 3718 1713 3795; x_wconf 79' lang='grc' dir='ltr'><strong><em>οῦκ</em></strong></span> <span class='ocrx_word' id='word_1_308' title='bbox 1755 3726 2102 3809; x_wconf 78' lang='grc' dir='ltr'><strong><em>ἐρυθριῶν</em></strong></span> <span class='ocrx_word' id='word_1_309' title='bbox 2146 3722 2269 3804; x_wconf 82' lang='grc' dir='ltr'><strong><em>τὰς</em></strong></span> <span class='ocrx_word' id='word_1_310' title='bbox 2298 3723 2620 3804; x_wconf 82' lang='grc' dir='ltr'><strong><em>τοιαύτας</em></strong></span> <span class='ocrx_word' id='word_1_311' title='bbox 2660 3730 2787 3794; x_wconf 88' lang='grc' dir='ltr'><strong><em>τοῦ</em></strong></span> <span class='ocrx_word' id='word_1_312' title='bbox 2816 3718 3213 3795; x_wconf 85' lang='grc' dir='ltr'><strong><em>ἀποστόλου</em></strong></span> <span class='ocrx_word' id='word_1_313' title='bbox 3244 3750 3387 3810; x_wconf 88' lang='grc' dir='ltr'><strong><em>φω-</em></strong></span> 
     </span>
     <span class='ocr_line' id='line_1_34' title="bbox 769 3814 3387 3941; baseline 0.002 -52"><span class='ocrx_word' id='word_1_314' title='bbox 769 3815 889 3901; x_wconf 78' lang='grc' dir='ltr'><strong><em>νὰς</em></strong></span> <span class='ocrx_word' id='word_1_315' title='bbox 931 3816 1378 3941; x_wconf 63' lang='grc' dir='ltr'><strong><em>ἐκλαμβάνειν</em></strong></span> <span class='ocrx_word' id='word_1_316' title='bbox 1420 3824 1529 3892; x_wconf 81' lang='grc' dir='ltr'><strong><em>ἐπὶ</em></strong></span> <span class='ocrx_word' id='word_1_317' title='bbox 1575 3818 1706 3909; x_wconf 86' lang='grc' dir='ltr'><strong><em>τήν</em></strong></span> <span class='ocrx_word' id='word_1_318' title='bbox 1759 3818 1988 3910; x_wconf 88' lang='grc' dir='ltr'><strong><em>σάρκα.</em></strong></span> <span class='ocrx_word' id='word_1_319' title='bbox 2074 3828 2227 3910; x_wconf 87' lang='grc' dir='ltr'><strong><em>περὶ</em></strong></span> <span class='ocrx_word' id='word_1_320' title='bbox 2284 3814 2362 3911; x_wconf 83' lang='grc' dir='ltr'><strong><em>ἧς</em></strong></span> <span class='ocrx_word' id='word_1_321' title='bbox 2414 3824 2683 3911; x_wconf 75' lang='grc' dir='ltr'><strong><em>προϊών</em></strong></span> <span class='ocrx_word' id='word_1_322' title='bbox 2737 3817 2945 3904; x_wconf 71' lang='grc' dir='ltr'><strong><em>αὐτὸς</em></strong></span> <span class='ocrx_word' id='word_1_323' title='bbox 2988 3816 3387 3909; x_wconf 85' lang='grc' dir='ltr'><strong><em>Μάρκελλος</em></strong></span> 
     </span>
     <span class='ocr_line' id='line_1_35' title="bbox 767 3946 1271 4006; baseline 0 -18"><span class='ocrx_word' id='word_1_324' title='bbox 767 3946 984 3988; x_wconf 89' lang='grc' dir='ltr'><strong><em>ταυτα</em></strong></span> <span class='ocrx_word' id='word_1_325' title='bbox 1029 3946 1271 4006; x_wconf 91' lang='grc' dir='ltr'><strong><em>γραφει</em></strong></span> 
     </span>
    </p>
   </div>
   <div class='ocr_carea' id='block_1_5' title="bbox 767 4088 3385 4259">
    <p class='ocr_par' dir='ltr' id='par_1_5' title="bbox 767 4088 3385 4259">
     <span class='ocr_line' id='line_1_36' title="bbox 937 4088 3385 4159; baseline 0.001 -17"><span class='ocrx_word' id='word_1_326' title='bbox 937 4088 975 4142; x_wconf 81' lang='lat'>4</span> <span class='ocrx_word' id='word_1_327' title='bbox 1012 4088 1099 4141; x_wconf 72' lang='lat' dir='ltr'><strong><em>Pa.</em></strong></span> <span class='ocrx_word' id='word_1_328' title='bbox 1135 4088 1184 4151; x_wconf 86' lang='lat'><strong><em>2,</em></strong></span> <span class='ocrx_word' id='word_1_329' title='bbox 1219 4088 1254 4141; x_wconf 79' lang='lat'><strong>2</strong></span> <span class='ocrx_word' id='word_1_330' title='bbox 1289 4118 1356 4127; x_wconf 91' lang='lat'><em>-</em></span> <span class='ocrx_word' id='word_1_331' title='bbox 1394 4090 1472 4146; x_wconf 82' lang='lat'><strong><em>10</em></strong></span> <span class='ocrx_word' id='word_1_332' title='bbox 1505 4089 1628 4145; x_wconf 84' lang='lat' dir='ltr'><strong>Joh.</strong></span> <span class='ocrx_word' id='word_1_333' title='bbox 1669 4093 1714 4155; x_wconf 88' lang='lat'><strong><em>1,</em></strong></span> <span class='ocrx_word' id='word_1_334' title='bbox 1751 4094 1816 4146; x_wconf 87' lang='grc'><strong><em>14</em></strong></span> <span class='ocrx_word' id='word_1_335' title='bbox 1855 4122 1921 4130; x_wconf 95' lang='grc'><strong>-</strong></span> <span class='ocrx_word' id='word_1_336' title='bbox 1968 4093 2047 4148; x_wconf 79' lang='lat'><strong><em>22</em></strong></span> <span class='ocrx_word' id='word_1_337' title='bbox 2085 4092 2207 4148; x_wconf 85' lang='lat' dir='ltr'>Kol.</span> <span class='ocrx_word' id='word_1_338' title='bbox 2246 4094 2294 4157; x_wconf 87' lang='lat'><strong><em>1,</em></strong></span> <span class='ocrx_word' id='word_1_339' title='bbox 2330 4096 2397 4149; x_wconf 87' lang='lat'><strong><em>15</em></strong></span> <span class='ocrx_word' id='word_1_340' title='bbox 2446 4122 2515 4133; x_wconf 90' lang='grc'><strong><em>--</em></strong></span> <span class='ocrx_word' id='word_1_341' title='bbox 2570 4092 2642 4148; x_wconf 77' lang='grc'><strong><em>27</em></strong></span> <span class='ocrx_word' id='word_1_342' title='bbox 2688 4092 2811 4147; x_wconf 83' lang='grc' dir='ltr'><strong><em>ΚοΙ.</em></strong></span> <span class='ocrx_word' id='word_1_343' title='bbox 2850 4096 2897 4159; x_wconf 90' lang='grc'><strong><em>1,</em></strong></span> <span class='ocrx_word' id='word_1_344' title='bbox 2935 4094 3135 4149; x_wconf 85' lang='grc'><strong><em>15-17</em></strong></span> <span class='ocrx_word' id='word_1_345' title='bbox 3189 4120 3257 4132; x_wconf 93' lang='lat'><strong><em>—-</em></strong></span> <span class='ocrx_word' id='word_1_346' title='bbox 3309 4090 3385 4145; x_wconf 75' lang='lat'><strong><em>82</em></strong></span> 
     </span>
     <span class='ocr_line' id='line_1_37' title="bbox 767 4188 1230 4259; baseline -0.004 -16"><span class='ocrx_word' id='word_1_347' title='bbox 767 4188 877 4259; x_wconf 81' lang='lat' dir='ltr'><strong>vgl.</strong></span> <span class='ocrx_word' id='word_1_348' title='bbox 917 4188 968 4243; x_wconf 83' lang='lat' dir='ltr'><strong><em>S.</em></strong></span> <span class='ocrx_word' id='word_1_349' title='bbox 1004 4192 1089 4254; x_wconf 86' lang='lat'><strong><em>45,</em></strong></span> <span class='ocrx_word' id='word_1_350' title='bbox 1125 4188 1230 4243; x_wconf 83' lang='lat' dir='ltr'><strong><em>13f</em></strong></span> 
     </span>
    </p>
   </div>
   <div class='ocr_carea' id='block_1_6' title="bbox 762 4333 3384 4716">
    <p class='ocr_par' dir='ltr' id='par_1_6' title="bbox 762 4333 3384 4716">
     <span class='ocr_line' id='line_1_38' title="bbox 931 4333 3381 4418; baseline 0.001 -21"><span class='ocrx_word' id='word_1_351' title='bbox 931 4341 970 4397; x_wconf 67' lang='grc' dir='ltr'><strong>Β</strong></span> <span class='ocrx_word' id='word_1_352' title='bbox 1005 4338 1044 4408; x_wconf 82' lang='grc' dir='ltr'><strong><em>ἢ</em></strong></span> <span class='ocrx_word' id='word_1_353' title='bbox 1076 4333 1269 4410; x_wconf 84' lang='grc' dir='ltr'><strong><em>Ἰησοῦ</em></strong></span> <span class='ocrx_word' id='word_1_354' title='bbox 1303 4342 1376 4397; x_wconf 88' lang='lat' dir='ltr'><strong><em>Kl</em></strong></span> <span class='ocrx_word' id='word_1_355' title='bbox 1429 4338 1468 4412; x_wconf 80' lang='grc' dir='ltr'><em>ἢ</em></span> <span class='ocrx_word' id='word_1_356' title='bbox 1503 4340 1628 4400; x_wconf 71' lang='grc' dir='ltr'><strong><em>υἱοῦ</em></strong></span> <span class='ocrx_word' id='word_1_357' title='bbox 1665 4344 1802 4412; x_wconf 84' lang='lat' dir='ltr'>(Mo)</span> <span class='ocrx_word' id='word_1_358' title='bbox 1854 4345 1934 4399; x_wconf 80' lang='lat' dir='ltr'><strong><em>Re</em></strong></span> <span class='ocrx_word' id='word_1_359' title='bbox 1970 4334 2032 4400; x_wconf 43' lang='lat' dir='ltr'><strong><em>[v-</em></strong></span> <span class='ocrx_word' id='word_1_360' title='bbox 2059 4343 2107 4397; x_wconf 85' lang='lat' dir='ltr'>V</span> <span class='ocrx_word' id='word_1_361' title='bbox 2145 4340 2289 4413; x_wconf 69' lang='grc' dir='ltr'><strong><em>(υἱοῦ</em></strong></span> <span class='ocrx_word' id='word_1_362' title='bbox 2324 4345 2451 4401; x_wconf 76' lang='lat' dir='ltr'><strong>and.</strong></span> <span class='ocrx_word' id='word_1_363' title='bbox 2480 4346 2577 4413; x_wconf 73' lang='lat' dir='ltr'>St.)</span> <span class='ocrx_word' id='word_1_364' title='bbox 2632 4347 2640 4413; x_wconf 95' lang='grc' dir='ltr'>Ι</span> <span class='ocrx_word' id='word_1_365' title='bbox 2695 4347 2732 4403; x_wconf 87' lang='grc'>8</span> <span class='ocrx_word' id='word_1_366' title='bbox 2776 4350 2949 4404; x_wconf 83' lang='grc' dir='ltr'><strong><em>τοῦτο</em></strong></span> <span class='ocrx_word' id='word_1_367' title='bbox 2982 4338 3053 4418; x_wconf 82' lang='grc' dir='ltr'><strong><em>ἦν</em></strong></span> <span class='ocrx_word' id='word_1_368' title='bbox 3086 4348 3199 4403; x_wconf 73' lang='lat' dir='ltr'><strong><em>aud</em></strong></span> <span class='ocrx_word' id='word_1_369' title='bbox 3234 4348 3310 4403; x_wconf 77' lang='lat' dir='ltr'><strong><em>st.</em></strong></span> <span class='ocrx_word' id='word_1_370' title='bbox 3374 4349 3381 4413; x_wconf 82' lang='grc' dir='ltr'>Ι</span> 
     </span>
     <span class='ocr_line' id='line_1_39' title="bbox 766 4436 3384 4520; baseline 0.002 -23"><span class='ocrx_word' id='word_1_371' title='bbox 766 4442 844 4497; x_wconf 80' lang='lat'><strong><em>12</em></strong></span> <span class='ocrx_word' id='word_1_372' title='bbox 879 4436 948 4498; x_wconf 84' lang='grc' dir='ltr'><strong><em>τὸ</em></strong></span> <span class='ocrx_word' id='word_1_373' title='bbox 989 4443 1066 4497; x_wconf 78' lang='lat' dir='ltr'><strong><em>V*</em></strong></span> <span class='ocrx_word' id='word_1_374' title='bbox 1104 4448 1208 4499; x_wconf 77' lang='grc' dir='ltr'><strong><em>τοῦ</em></strong></span> <span class='ocrx_word' id='word_1_375' title='bbox 1243 4443 1318 4497; x_wconf 84' lang='lat' dir='ltr'><strong><em>V¹</em></strong></span> <span class='ocrx_word' id='word_1_376' title='bbox 1372 4445 1382 4513; x_wconf 97' lang='grc' dir='ltr'>Ι</span> <span class='ocrx_word' id='word_1_377' title='bbox 1438 4446 1515 4503; x_wconf 87' lang='grc'><strong><em>16</em></strong></span> <span class='ocrx_word' id='word_1_378' title='bbox 1550 4443 1620 4502; x_wconf 84' lang='grc' dir='ltr'><strong><em>τὰ</em></strong></span> <span class='ocrx_word' id='word_1_379' title='bbox 1657 4450 1748 4501; x_wconf 73' lang='lat' dir='ltr'><strong><em>etr.</em></strong></span> <span class='ocrx_word' id='word_1_380' title='bbox 1787 4444 1861 4498; x_wconf 85' lang='lat' dir='ltr'><strong><em>Kl</em></strong></span> <span class='ocrx_word' id='word_1_381' title='bbox 1914 4446 1923 4513; x_wconf 94' lang='grc' dir='ltr'>Ι</span> <span class='ocrx_word' id='word_1_382' title='bbox 1979 4446 2056 4502; x_wconf 73' lang='grc'><strong><em>19</em></strong></span> <span class='ocrx_word' id='word_1_383' title='bbox 2092 4442 2157 4500; x_wconf 84' lang='grc' dir='ltr'><strong><em>τὸ</em></strong></span> <span class='ocrx_word' id='word_1_384' title='bbox 2199 4453 2365 4515; x_wconf 85' lang='grc' dir='ltr'><strong><em>σῶμα</em></strong></span> <span class='ocrx_word' id='word_1_385' title='bbox 2398 4446 2679 4516; x_wconf 84' lang='grc' dir='ltr'><strong><em>τοσαύτης</em></strong></span> <span class='ocrx_word' id='word_1_386' title='bbox 2714 4448 2786 4503; x_wconf 85' lang='lat' dir='ltr'><strong><em>Kl</em></strong></span> <span class='ocrx_word' id='word_1_387' title='bbox 2822 4450 2956 4520; x_wconf 81' lang='lat' dir='ltr'>(vgl.</span> <span class='ocrx_word' id='word_1_388' title='bbox 2990 4448 3085 4503; x_wconf 81' lang='lat' dir='ltr'><strong><em>Mo</em></strong></span> <span class='ocrx_word' id='word_1_389' title='bbox 3108 4448 3189 4503; x_wconf 78' lang='lat' dir='ltr'><strong><em>Ro</em></strong></span> <span class='ocrx_word' id='word_1_390' title='bbox 3213 4448 3384 4515; x_wconf 66' lang='lat' dir='ltr'>znhn)</span> 
     </span>
     <span class='ocr_line' id='line_1_40' title="bbox 766 4539 3381 4621; baseline 0.003 -23"><span class='ocrx_word' id='word_1_391' title='bbox 766 4539 1036 4612; x_wconf 83' lang='grc' dir='ltr'><strong><em>σώματος</em></strong></span> <span class='ocrx_word' id='word_1_392' title='bbox 1075 4542 1246 4613; x_wconf 81' lang='grc' dir='ltr'><strong><em>αὐτῆς</em></strong></span> <span class='ocrx_word' id='word_1_393' title='bbox 1281 4546 1328 4599; x_wconf 89' lang='lat' dir='ltr'>V</span> <span class='ocrx_word' id='word_1_394' title='bbox 1383 4546 1392 4613; x_wconf 91' lang='grc' dir='ltr'>Ι</span> <span class='ocrx_word' id='word_1_395' title='bbox 1448 4548 1528 4602; x_wconf 78' lang='lat'><strong><em>20</em></strong></span> <span class='ocrx_word' id='word_1_396' title='bbox 1581 4540 1672 4602; x_wconf 73' lang='grc' dir='ltr'><strong><em>ὅτι</em></strong></span> <span class='ocrx_word' id='word_1_397' title='bbox 1723 4544 1780 4602; x_wconf 80' lang='grc' dir='ltr'><strong><em>εἰ</em></strong></span> <span class='ocrx_word' id='word_1_398' title='bbox 1823 4548 1924 4602; x_wconf 77' lang='grc' dir='ltr'><strong><em>καί</em></strong></span> <span class='ocrx_word' id='word_1_399' title='bbox 1974 4565 2003 4600; x_wconf 90' lang='lat' dir='ltr'>r</span> <span class='ocrx_word' id='word_1_400' title='bbox 2050 4548 2150 4603; x_wconf 80' lang='grc' dir='ltr'><strong><em>καὶ</em></strong></span> <span class='ocrx_word' id='word_1_401' title='bbox 2202 4542 2293 4603; x_wconf 80' lang='grc' dir='ltr'><strong><em>ὅτι</em></strong></span> <span class='ocrx_word' id='word_1_402' title='bbox 2328 4549 2377 4602; x_wconf 89' lang='lat' dir='ltr'>V</span> <span class='ocrx_word' id='word_1_403' title='bbox 2432 4550 2441 4617; x_wconf 97' lang='grc' dir='ltr'>Ι</span> <span class='ocrx_word' id='word_1_404' title='bbox 2496 4549 2575 4604; x_wconf 77' lang='lat'><strong><em>28</em></strong></span> <span class='ocrx_word' id='word_1_405' title='bbox 2627 4544 3019 4621; x_wconf 83' lang='grc' dir='ltr'><strong><em>ἀπειργάσατο</em></strong></span> <span class='ocrx_word' id='word_1_406' title='bbox 3070 4560 3139 4611; x_wconf 94' lang='grc'>&lt;</span> <span class='ocrx_word' id='word_1_407' title='bbox 3190 4550 3381 4619; x_wconf 76' lang='lat'><strong><em>1125</em></strong></span> 
     </span>
     <span class='ocr_line' id='line_1_41' title="bbox 762 4640 1050 4716; baseline -0.003 -16"><span class='ocrx_word' id='word_1_408' title='bbox 762 4640 962 4716; x_wconf 83' lang='grc' dir='ltr'><strong><em>μόνων</em></strong></span> <span class='ocrx_word' id='word_1_409' title='bbox 1000 4646 1050 4699; x_wconf 87' lang='lat' dir='ltr'><strong>V</strong></span> 
     </span>
    </p>
   </div>
   <div class='ocr_carea' id='block_1_7' title="bbox 3630 4150 3638 5182">
    <p class='ocr_par' dir='ltr' id='par_1_7' title="bbox 3630 4150 3638 5182">
     <span class='ocr_line' id='line_1_42' title="bbox 3630 4150 3638 5182; baseline 0 0"><span class='ocrx_word' id='word_1_410' title='bbox 3630 4150 3638 5182; x_wconf 95' lang='lat' dir='ltr'><strong><em> </em></strong></span> 
     </span>
    </p>
   </div>
  </div>
 </body>
</html>
