3694 5582
1303 510 1496 562 contra
1531 508 1857 563 Marcellum
1892 508 1917 560 Ι
1953 507 1999 561 2.
2896 519 2967 576 11

353 667 479 739 τὸν
537 665 863 754 διάβολον
923 666 1326 758 ἀπεφήνατο
1402 678 1525 761 τῆς
1593 677 1855 760 γραφῆς
1929 676 2274 754 ἐναντίως.
2378 663 2506 760 ἆρα
2570 664 2693 744 οὖν
2756 678 2964 743 τοῦτο

349 765 560 855 μόνον
603 766 963 858 ἦγνόησεν;
1025 767 1171 857 οὐχὶ
1233 777 1304 841 δὲ
1363 778 1472 842 καὶ
1535 773 1805 859 προϊών
1868 765 2095 854 αὖθις,
2158 778 2279 861 τῆς
2341 771 2779 856 ἀναστάσεως
2842 780 2969 844 τοῦ

350 875 655 958 σωτῆρος
715 866 909 958 ἡμῶν
961 871 1449 959 μνημονεύσας,
1512 872 1747 942 ἔπειτα
1809 880 2171 960 βουληθεὶς
2234 880 2441 956 δεῖξαι
2507 866 2619 944 ὅτι
2680 881 2789 945 καὶ
2833 872 2965 960 πρὸ

350 964 558 1040 αυτοῦ
600 968 774 1040 κατὰ
829 970 988 1052 τοῦς
1041 968 1328 1058 χρόνους
1381 971 1542 1052 τοὺς
1593 973 2065 1062 προφητικοὺς
2119 980 2395 1061 φέρεταί
2448 1001 2549 1055 τις
2592 977 2665 1044 ἐκ
2710 979 2972 1060 νεκρῶν

287 1083 316 1134 5
349 1071 799 1190 ἐγηγερμένος,
853 1068 1066 1141 πάλιν
1120 1069 1480 1142 κάνταῦθα
1531 1068 1935 1158 σφάλλεται,
1990 1081 2280 1160 πρῶτον
2332 1079 2554 1161 λέγων
2597 1069 2970 1144 Ἐλισσαῖον

349 1167 471 1237 τὸν
513 1167 884 1258 προφήτην
928 1175 1002 1240 ἐκ
1047 1178 1311 1257 νεκρῶν
1354 1175 1622 1260 ἐγεῖραι’
1677 1167 2015 1261 ἀγνοήσας
2060 1204 2156 1255 ως
2209 1180 2315 1243 καὶ
2360 1171 2495 1261 πρὸ
2541 1169 2963 1244 Ἐλισσαίου“
2960 1210 2964 1258 l

347 1264 562 1351 Ἠλίας
607 1265 644 1340 5
687 1276 888 1359 μέγας
932 1271 1060 1342 τὸν
1105 1277 1226 1359 τῆς
1266 1268 1474 1358 χήρας
1517 1270 1668 1341 υἱὸν
1711 1268 2166 1344 ἀποθανόντα
2212 1270 2597 1362 ἀνέστησεν,
2646 1303 2741 1356 ως
2786 1275 2969 1342 έστιν

345 1379 590 1456 μαθεῖν
658 1374 733 1440 ἐκ
794 1376 914 1459 τῆς
977 1378 1210 1458 τρίτης
1277 1376 1422 1440 τῶν
1485 1377 1901 1456 Βασιλειῶν;
1976 1367 2012 1442 5
2076 1378 2147 1442 δὲ
2209 1380 2319 1442 καὶ
2381 1369 2569 1443 τοῦτ’
2634 1369 2970 1460 ἀγνοησας

347 1476 678 1553 φαίνεται,
724 1466 805 1540 δι’
855 1461 957 1539 ὦν
1005 1467 1202 1540 ταῦθ’
1250 1464 1474 1552 οῦτως
1517 1466 1761 1558 γράφει

257 1566 405 1633 1(Ι”’ὶ
465 1572 606 1651 (Nr.
637 1575 700 1653 2)
745 1565 828 1638 οὗ
870 1566 1087 1657 μόνον
1132 1577 1368 1640 τοίνυν
1412 1577 1534 1658 τῆς
1585 1577 1855 1659 »καινῆς
1898 1578 2219 1653 κτίσεως(
2256 1569 2713 1660 πρωτότοκον
2758 1568 2970 1642 αὐτὸν

465 1663 506 1739 o‘
552 1665 942 1751 ἀπόστολος
986 1671 1153 1740 εἶναι
1195 1677 1419 1757 φησίν,
1465 1667 1642 1742 ἀλλὰ
1683 1678 1796 1740 καὶ
1837 1668 2299 1760 πρωτότοκον
2348 1676 2457 1742 »ἐκ
2504 1679 2829 1760 νεκρῶν(,
2876 1665 2968 1740 δι’

465 1765 668 1838 οῦδὲν
711 1768 964 1855 ἕτερον,
1011 1772 1156 1856 ἐμοὶ
1204 1776 1443 1852 δοκεῖν,
1491 1765 1638 1840 ἀλλ’
1687 1774 1798 1840 ἵνα
1843 1770 1950 1840 διὰ
1983 1776 2110 1842 τοῦ
2147 1767 2607 1858 πρωτοτόκου
2656 1778 2839 1842 »τῶν
2874 1798 2971 1840 νε-

465 1875 721 1954 κρῶν(,
755 1863 942 1948 ὅπως
971 1876 1082 1938 καὶ
1115 1866 1600 1956 »πρωτότοκος
1630 1865 1892 1959 ἁπάσης
1920 1878 2236 1952 κτίσεως(
2264 1875 2541 1959 εἴρηται,
2573 1876 2969 1958 γνωσθῆναι

465 1975 752 2056 δυνηθῇ.
812 1964 894 2039 οῦ
923 1966 1049 2057 γὰρ
1079 1971 1152 2038 ἐκ
1183 1975 1450 2055 νεκρῶν
1492 1965 1740 2058 ἀνέστη
1770 1977 2049 2056 πρῶτος
2079 1965 2118 2041 5
2149 1966 2479 2058 δεσπότης
2512 1966 2703 2058 ἡμῶν
2724 1967 2969 2057 Ἰησοῦς

253 2088 310 2138 15
465 2065 789 2156 Χριστός·
837 2063 988 2139 ἀλλ’
1019 2062 1056 2138 5
1101 2065 1190 2139 δι’
1235 2064 1610 2140 Ἐλισσαίου
1639 2075 1764 2139 τοῦ
1793 2068 2164 2158 προφήτου
2193 2066 2489 2150 ἀναστὰς
2529 2068 2775 2158 ἀνέστη
2806 2067 2967 2156 πρό-

466 2195 682 2253 τερος,
715 2173 828 2238 καὶ
847 2164 1158 2253 Λάζαρος
1186 2172 1258 2236 δὲ
1287 2167 1422 2255 πρὸ
1455 2174 1577 2256 τῆς
1609 2164 1822 2239 αὐτοῦ
1852 2165 2282 2250 ἀναστάσεως
2316 2166 2581 2256 ἀνέστη,
2620 2176 2730 2238 καὶ
2761 2173 2835 2238 ἐν
2866 2175 2965 2255 τῷ

461 2275 680 2356 καιρῷ
719 2274 846 2339 τοῦ
883 2265 1154 2348 πάθους
1200 2267 1460 2338 »πολλὰ
1498 2269 1779 2356 σώματα
1809 2275 1957 2338 τῶν
1992 2274 2529 2357 κεκοιμημένων(
2575 2264 2969 2356 ἀνέστησαν.

343 2393 448 2454 καὶ
480 2390 696 2456 τοῦτο
731 2389 801 2454 δὲ
831 2380 1252 2473 ἀθεωρήτως
1283 2391 1470 2454 δοκεῖ
1493 2413 1609 2472 μοι
1640 2392 2018 2456 τεθεικέναι
2050 2381 2087 2456 5
2110 2383 2525 2472 Μάρκελλος,
2575 2391 2750 2471 λέγω
2782 2390 2853 2455 δὲ
2886 2384 2965 2454 τὸ

349 2484 614 2556 »πολλὰ
643 2484 926 2571 σώματα
955 2491 1104 2554 τῶν
1132 2491 1640 2572 κεκοιμημένων
1660 2481 1908 2572 ἁγίων(
1935 2485 2069 2572 πρὸ
2102 2481 2315 2554 αυτοῦ
2345 2489 2709 2572 ἐγεγέρθαι.
2741 2513 2822 2554 ου
2842 2482 2967 2572 γὰρ

249 2606 310 2662 20
342 2590 712 2672 προσέσχεν
757 2577 884 2672 όλη
934 2591 1020 2670 τῇ
1069 2589 1194 2653 τοῦ
1243 2579 1628 2670 ευαγγελίου
1678 2592 1903 2672 γραφῇ
1948 2582 2378 2671 διδασκούση,
2427 2579 2535 2654 ὅτι
2588 2582 2790 2672 »μετὰ
2840 2582 2967 2670 τὴν

343 2687 668 2772 (ἔγερσιν)
717 2680 964 2754 αυτοῦ(
1012 2683 1100 2753 τὰ
1131 2691 1278 2753 τῶν
1307 2679 1520 2770 αγίων
1549 2680 1900 2772 ἐγήγερται
1930 2685 2228 2772 σώματα.
2282 2679 2502 2774 εὕροις
2531 2680 2595 2754 δ>
2635 2683 2721 2754 ἂν
2758 2679 2969 2753 αυτὸν

343 2779 824 2873 σφαλλόμενον
841 2791 952 2855 καὶ
972 2787 1046 2855 ἐν
1067 2791 1152 2872 τῇ
1185 2789 1312 2855 τοῦ
1342 2779 1808 2855 ἀποστολικοῦ
1838 2785 2051 2875 ῥητοῦ
2080 2789 2363 2857 ἐκθέσει.
2407 2779 2445 2855 5
2475 2790 2598 2872 μὲν
2629 2784 2753 2872 γὰρ
2784 2794 2969 2865 θεῖος

341 2881 732 2967 ἀπόστολος
767 2879 1108 2973 Ῥωμαίοις
1138 2880 1428 2972 γράφων
1459 2881 1622 2954 τάδε
1654 2891 1859 2973 φησὶν
1894 2881 2401 2974 »ἀφωρισμένος
2447 2891 2537 2965 εἰς
2582 2881 2971 2971 εὐαγγέλιον

343 2992 531 3066 θεοῦ,
576 2976 614 3053 ὃ
644 2992 1229 3073 προεπηγγείλατο
1272 2984 1380 3055 διὰ
1425 2991 1573 3053 τῶν
1616 2992 2003 3073 προφητῶν
2046 2982 2261 3056 αὐτοῦ
2303 2988 2379 3055 ἐν
2421 3003 2710 3071 γραφαῖς
2754 2979 2969 3072 ἁγίαις

246 3105 307 3157 25
339 3094 490 3173 περὶ
535 3090 662 3153 τοῦ
703 3086 853 3155 υἱοῦ
897 3080 1110 3155 αὐτοῦ
1156 3090 1280 3154 τοῦ
1324 3091 1696 3172 γενομένου
1741 3088 1814 3154 ἐκ
1860 3091 2241 3173 σπέρματος
2273 3088 2479 3154 Δαυὶδ
2519 3083 2693 3154 κατὰ
2737 3081 2967 3172 σάρκα,

340 3190 463 3253 τοῦ
511 3179 914 3271 ὁρισθέντος
957 3186 1108 3253 υιοῦ
1137 3189 1310 3253 θεοῦ
1355 3187 1429 3254 ἐν
1476 3178 1749 3271 δυνάμει
1785 3184 1965 3254 κατὰ
1993 3191 2253 3273 πνεῦμα
2284 3180 2719 3272 αγιωσύνης(.
2793 3178 2830 3253 5
2877 3188 2964 3254 δέ.

339 3280 459 3353 οὐκ
507 3284 661 3353 οἶδα
705 3290 868 3353 ποία
915 3288 1197 3374 διανοία,
1242 3278 1601 3352 κάνταῦθα
1647 3288 2033 3372 διαστρέφει
2081 3284 2209 3373 τὴν
2257 3280 2723 3370 ἀποστολικὴν
2769 3288 2964 3367 λέξιν,

339 3380 492 3453 ἀντὶ
558 3388 686 3453 τοῦ
751 3377 1222 3468 »όρισθέντος(
1283 3379 1571 3469 ποιήσας
1632 3388 2208 3469 προορισθέντος,
2272 3379 2354 3452 ἱ”ν
2419 3386 2459 3469 ἠ
2526 3376 2758 3469 όμοιος
2819 3401 2965 3462 τοῖς

347 3511 554 3553 »κατα
587 3478 1014 3569 πρόγνωσιν(
1053 3492 1581 3569 προορισθεῖσιν.
1659 3487 1830 3570 λέγει
1861 3474 1985 3551 οῦν
2014 3482 2190 3552 κατὰ
2223 3488 2405 3566 λέξιν
2437 3474 2661 3560 οὕτως

88 3646 151 3679 ·-.
246 3601 312 3674 30
463 3586 605 3669 (Nr.
651 3586 748 3667 16)
797 3578 1026 3671 ωσπερ
1090 3574 1214 3651 οῦν
1277 3581 1404 3670 τὴν
1457 3585 1814 3668 ἐκκλησίαν
1858 3576 2071 3651 πάλαι
2116 3588 2549 3669 προωρίσατο
2614 3574 2651 3649 5
2715 3607 2965 3649 παντο-

462 3678 747 3770 κράτωρ
790 3681 973 3765 θεός,
1021 3675 1274 3769 οῦ<τω>
1315 3688 1424 3752 καὶ
1455 3682 1585 3770 τὴν
1614 3679 1788 3750 κατὰ
1819 3678 2033 3765 σάρκα
2064 3686 2190 3750 τοῦ
2222 3684 2521 3765 Χριστοῦ
2552 3685 2964 3767 οἰκονομίαν.

464 3778 558 3852 δι’
621 3773 702 3850 οῦ
763 3780 844 3851 τὸ
904 3788 1050 3850 τῶν
1107 3788 1456 3865 θεοσεβῶν
1513 3787 1706 3869 γένος
1770 3785 1898 3861 »εἰς
1954 3784 2339 3851 υἱοθεσίαν(
2404 3785 2675 3849 καλέσαι
2737 3806 2966 3865 προω-

465 3889 727 3967 ρίσατο,
760 3878 1104 3969 πρότερον
1134 3880 1554 3968 θεμελιώσας
1585 3886 1695 3953 33*
1727 3884 1802 3949 ἐν
1832 3887 1918 3968 τῇ
1952 3876 2165 3950 αὐτοῦ
2194 3886 2473 3969 διανοίᾳ.
2546 3877 2652 3949 διὰ
2686 3884 2897 3949 τοῦτο
2930 3874 2966 3949 5

510 4054 550 4109 5
587 4054 640 4107 11
677 4052 816 4105 man.
851 4054 901 4116 4,
937 4054 1004 4107 35
1055 4081 1122 4091 -
1163 4052 1192 4107 7
1251 4051 1450 4105 111511.
1489 4054 1568 4114 17,
1605 4030 1674 4105 2'2
1710 4080 1776 4089 -
1825 4050 1903 4105 ιο
1952 4050 2071 4104 K01.
2110 4054 2157 4117 1,
2195 4054 2260 4105 15
2297 4080 2363 4089 -
2402 4051 2519 4105 ιιι
2558 4051 2869 4118 Kol.1,18
2902 4081 2968 4090 —

348 4152 420 4209 13
457 4153 583 4209 Kol.
623 4156 756 4219 1,15
789 4182 855 4192 -
895 4154 970 4208 15
1007 4152 1060 4205 11
1095 4154 1233 4207 Koa.
1253 4157 1304 4220 4,
1323 4156 1390 4208 35
1423 4183 1490 4193 -
1530 4154 1603 4208 ιο
1638 4152 1951 4223 Joh.11,44
1986 4182 2053 4191 -
2092 4152 2323 4208 17-—20
2360 4152 2555 4206 Matth.
2580 4154 2663 4219 ετ,
2699 4154 2779 4207 52.
2819 4156 2967 4207 53-

346 4255 426 4310 23
459 4256 924 4319 Rum.1,1-4—-
953 4256 1032 4311 28
1068 4254 1437 4321 Rom.1,4-
1474 4254 1553 4310 29
1589 4254 1893 4324 Eph.1,11
1916 4255 2079 4309 -ιε
2118 4254 2255 4323 Eph.
2294 4256 2338 4316 1,
2360 4257 2391 4309 5
2416 4282 2479 4291 -
2502 4253 2581 4309 aa
2599 4254 2757 4309 prov.
2785 4256 2834 4320 8,
2860 4256 2967 4309 23⁶?

515 4392 546 4445 1
585 4390 624 4446 1.
643 4396 770 4454 ταῖς
805 4389 1098 4461 γραφαῖςῗ
1125 4390 1234 4460 vgl.
1256 4390 1306 4443 S.
1329 4392 1408 4450 17,
1427 4390 1509 4443 22.
1529 4390 1597 4443 28
1644 4390 1654 4455 Ι
1701 4389 1737 4444 ὅ
1775 4396 2008 4459 πρῶτον
2028 4390 2106 4442 V²
2125 4408 2173 4443 a.
2193 4390 2255 4444 R.
2274 4388 2375 4443 sub
2412 4384 2563 4455 ἴσως,
2600 4387 2711 4461 πρὸ
2748 4396 2865 4444 τῶν
2885 4390 2967 4442 V*

397 4491 474 4546 10
509 4496 708 4559 κοινῆς
741 4492 834 4546 Mo
874 4493 883 4558 Ι
933 4492 1002 4547 17
1044 4488 1496 4560 κεκοιμημένων]
1541 4497 1606 4554 -1-
1651 4486 1872 4561 ἁγίωνὶ)
1927 4490 2038 4561 vgl.
2074 4492 2273 4545 Matth.
2310 4492 2391 4554 27,
2433 4491 2500 4545 52
2536 4506 2585 4543 u.
2623 4491 2676 4544 Z.
2715 4493 2779 4545 19
2827 4493 2833 4552 Ι
2889 4492 2960 4545 21

344 4586 568 4663 ἔγερσιν
603 4592 676 4645 Kl
711 4594 856 4647 nach
893 4592 1056 4647 Loofs
1085 4596 1096 4660 Ι
1144 4592 1220 4648 25
1257 4590 1574 4663 γενομένου
1611 4590 1683 4645 ΚῙ
1719 4592 1860 4645 nach
1900 4592 1993 4645 NT
2025 4599 2377 4661 μονογενοῦς
2413 4592 2461 4644 V
2494 4594 2504 4660 Ι
2537 4593 2614 4648 28
2652 4589 2864 4658 ὁμοίως
2902 4592 2967 4653 V,

344 4710 478 4747 corr.
515 4693 682 4748 Loofs
736 4696 744 4762 Ι
799 4695 870 4749 81
915 4686 1064 4748 οὕτω
1101 4694 1180 4747 V²

3007 687 3072 738 14

3004 2395 3069 2447 16

3006 2698 3068 2749 17

3006 3194 3069 3247 18

3006 3498 3066 3549 19
