3694 5582
657 427 680 484 1
693 425 770 487 36
1866 415 2133 472 Eusebius

773 577 1066 669 σύμενον
1108 582 1182 650 ἐν
1224 575 1632 670 ἀνθρώποις
1659 575 2021 669 πρότερον,
2061 575 2269 668 λόγον
2308 573 2523 649 αὐτὸν
2552 585 2679 651 τοῦ
2707 573 3270 667 παντοκράτορος
3329 601 3333 605 ·

775 672 1152 768 ὀνομάζων,
1199 672 1424 762 οὕτως
1469 683 1599 768 ἔφη
1649 683 1760 751 »ἐν
1804 675 1974 768 ἀρχῇ
2020 670 2105 768 ἦν
2150 674 2189 750 6
2232 674 2498 766 λόγοςι.

651 784 724 849 ἐν
775 776 1048 860 τούτοις
1108 783 1232 868 μὲν
1293 769 1416 849 οὖν
1479 775 2080 868 ἀποκεκρυμμένον
2138 775 2509 869 μυστήριον
2560 784 2919 866 διορίζεται
2972 779 3143 850 εἶναι
3186 776 3269 850 τὸ

649 885 802 963 περὶ
855 885 984 949 τοῦ
1035 872 1245 966 λόγον
1303 879 1478 965 ἔχειν
1538 876 1666 950 τὸν
1724 875 1923 960 θεόν,
1984 882 2061 949 ἐν
2120 883 2195 948 δὲ
2254 894 2403 958 ταῖς
2456 871 2713 968 ἀρτίως
2753 883 3270 966 παρατεθείσαις

581 996 612 1048 5
647 995 1103 1066 προφητικατς
1174 995 1440 1065 φωναῖς
1506 975 1726 1061 πάσας
1795 977 1920 1060 τὰς
1978 985 2173 1060 θείας
2232 978 2495 1066 γραφὰς
2552 975 2913 1066 κηρύττειν
2972 974 3059 1046 τὰ
3114 984 3271 1064 περὶ

649 1074 860 1149 αὐτοῦ
915 1085 1302 1164 συνίστησιν
1359 1084 1472 1147 καὶ
1534 1074 1805 1166 συνάγει
1864 1085 2020 1164 περὶ
2073 1073 2284 1166 λόγου
2327 1083 2497 1148 θεοῦ
2538 1085 2858 1159 πλείστας
2902 1069 3063 1159 ὅσας
3104 1103 3266 1164 μαρ-

648 1185 898 1261 τυρίας.
970 1173 1095 1247 οῦκ
1137 1174 1268 1266 ἄρα
1296 1167 1384 1264 ἦν
1412 1171 1866 1264 ἀγνοούμενος
1895 1182 1997 1266 τῷ
2030 1181 2344 1265 προτέρῳ
2388 1182 2555 1265 λαῷ,
2598 1173 2855 1259 πάντες
2899 1175 3023 1266 γὰρ
3070 1172 3267 1248 αὐτοὶ
3304 1185 3341 1239 2

648 1274 809 1356 τοὺς
853 1274 1210 1360 τοιούτους
1253 1272 1495 1365 λόγους
1538 1271 1804 1362 ᾔδεσαν,
1849 1272 1982 1348 άνὰ
2024 1273 2241 1365 στόμα
2284 1280 2395 1344 καὶ
2440 1273 2547 1346 διὰ
2576 1273 2841 1364 μνήμης
2884 1275 2971 1347 τὰ
3008 1303 3275 1365 προφη-

651 1373 804 1446 τικά
849 1373 1044 1462 λόγια
1088 1380 1436 1464 φέροντες.
1521 1369 1699 1448 ἄλλα
1741 1373 1869 1448 τὸν
1915 1381 2301 1465 γραμματέα
2356 1381 2503 1445 τῶν
2544 1369 2888 1446 Ἰουδαίων
2945 1379 3056 1448 75=
3118 1371 3274 1464 ἡμῖν

550 1494 617 1548 10
650 1470 689 1547 ό
733 1474 1140 1563 Χριστιανὸς
1181 1478 1606 1564 προΐσχεται,
1669 1471 1794 1548 οῦκ
1837 1472 2116 1548 άκούων
2152 1481 2281 1546 τοῦ
2320 1479 2635 1563 σωτῆρος
2696 1479 3021 1563 λέγοντος
3088 1470 3275 1546 »ούαὶ

647 1571 824 1663 ύμῖν,
867 1591 1272 1665 γραμματεῖς
1312 1582 1425 1645 καὶ
1473 1583 1828 1663 Φαρισαῖοι
1870 1572 2239 1664 ὑποκριταί
2248 1605 2273 1640 ‹
2294 1631 2310 1658 ,
2354 1571 2684 1663 θαυμάζει
2725 1603 2802 1645 τε
2846 1569 3061 1646 αύτόν
3092 1566 3273 1662 ὅρκῳ

649 1672 1102 1762 πιστούμενον
1147 1665 1258 1744 ὅτι
1306 1673 1435 1756 »εἷς
1477 1679 1664 1746 ἐστιν
1719 1669 1758 1745 6
1800 1673 1969 1759 θεὸς
2008 1681 2121 1744 καὶ
2174 1670 2299 1746 οὐκ
2342 1675 2526 1744 ἔστιν
2568 1671 2749 1762 πλὴν
2801 1669 3081 1758 αύτοῦι,
3148 1669 3271 1745 ούκ

651 1773 848 1855 εἰδως
904 1766 1016 1845 ὅτι
1057 1780 1171 1844 καὶ
1225 1774 1312 1844 τὰ
1372 1772 1720 1864 »δαιμόνια
1761 1772 2194 1846 πιστεύουσιν
2252 1779 2366 1845 καὶ
2428 1780 2886 1860 φρίττουσινι.
2971 1771 3157 1863 τήρει
3198 1779 3272 1844 δὲ
3305 1781 3344 1836 3

651 1867 844 1954 ὅπως
903 1877 974 1958 ἐξ
1025 1869 1261 1964 αὐτῶν
1314 1879 1464 1944 τῶν
1503 1881 1966 1964 προφητικῶν
2024 1881 2313 1963 γραφῶν
2374 1871 2462 1944 τὰ
2520 1879 2676 1959 περὶ
2734 1868 2946 1961 λόγου
3006 1869 3275 1962 συνάγει

550 1991 616 2044 15
651 1978 779 2044 τοῦ
821 1979 970 2044 τῶν
1011 1979 1381 2060 πρακτέων
1425 1978 1929 2045 διδασκαλικοῦ·
1975 1967 2058 2045 ὃν
2100 1980 2213 2044 καὶ
2255 1967 2599 2044 Ἰουδαίων
2637 1977 2873 2054 παῖδες
2925 1979 3274 2061 γνωρίζειν

652 2067 1206 2162 ὁμολογήσουσιν,
1251 2100 1372 2144 ατε
1414 2071 1552 2161 πρὸ
1581 2069 1778 2162 ἡμῶν
1805 2079 2062 2145 τοῦτον
2096 2067 2613 2160 παρειληφότες.
2687 2067 2835 2142 αλλ’
2878 2067 3033 2143 οὐδὲ
3064 2067 3270 2154 αὐτὸς

649 2178 1022 2256 Σαβέλλιος
1066 2170 1192 2242 τὸν
1236 2177 1562 2245 τοιοῦτον
1605 2168 1833 2262 ἠγνόει
1886 2169 2109 2260 λόγον.
2194 2179 2348 2254 πῶς
2398 2163 2525 2242 οῦν
2563 2167 2921 2253 Ἰουδαίους
2978 2177 3092 2241 καὶ
3136 2177 3271 2240 Σα·
3304 2187 3347 2239 4

649 2278 922 2357 βέλλιον
973 2268 1261 2342 κόπτων
1321 2271 1410 2361 μὴ
1471 2275 1840 2359 ἐγνωκέναι
1900 2271 2030 2344 τὸν
2088 2267 2300 2361 λόγον
2366 2274 2493 2360 ἔφη
2557 2265 2650 2341 δι’
2716 2299 2819 2340 ων
2874 2277 3273 2360 παρεθέμην

653 2366 864 2442 αύτοῦ
907 2377 1204 2457 φωνῶν;
1245 2377 1355 2442 καὶ
1400 2370 1632 2460 ἐπειδὴ
1678 2367 2163 2459 ἀποπέφανται
2206 2365 2243 2442 6
2288 2367 2497 2454 αὐτὸς
2540 2369 2651 2442 διὰ
2693 2377 2841 2440 τῶν
2884 2371 3273 2459 ἔμπροσθεν

547 2488 615 2542 20
651 2500 746 2552 ως
791 2466 1006 2553 οὐδεὶς
1048 2468 1338 2544 ἐδύνατο
1383 2469 1511 2542 τὸν
1555 2469 1726 2542 θεὸν
1769 2473 2016 2543 εἰδέναι
2058 2467 2217 2543 οῦδὲ
2258 2469 2388 2542 τὸν
2429 2469 2640 2559 λόγον
2669 2477 3023 2559 γνωρίζειν
3062 2465 3275 2541 αύτοῦ

650 2576 709 2642 εἰ
749 2567 839 2657 μὴ
884 2567 1014 2659 τὴν
1057 2565 1287 2640 εἰκόνα
1331 2567 1591 2658 εἰλήφει
1650 2577 1778 2642 τοῦ
1837 2567 2140 2657 άοράτου
2181 2575 2376 2655 θεοῦ,
2446 2567 2699 2658 δηλαδὴ
2743 2566 2874 2658 τὴν
2917 2565 3133 2657 σάρκα
3177 2597 3275 2651 ως

651 2663 855 2751 αὐτὸς
898 2671 1028 2758 ἔφη
1075 2667 1208 2755 (διὰ
1249 2665 1460 2758 μόνης
1503 2667 1628 2758 γὰρ
1671 2675 1796 2758 τῆς
1825 2666 2087 2752 εἰκόνος
2117 2675 2565 2757 γνωρίζεσθαι
2607 2667 2735 2740 τὸν
2774 2665 2945 2740 θεὸν
2988 2675 3103 2738 καὶ
3145 2665 3271 2739 τὸν
3306 2684 3349 2737 5

651 2765 907 2840 τούτου
949 2763 1162 2856 λόγον
1220 2773 1624 2853 διετείνατο,
1687 2767 1818 2857 τὴν
1860 2764 2073 2859 σάρκα
2116 2775 2337 2857 λέγων
2380 2769 2551 2841 εἶναι
2594 2766 2725 2858 τὴν
2767 2764 3052 2856 εἰκόνα),
3105 2763 3273 2841 ύπο-

649 2873 988 2957 μνηστέον
1031 2866 1139 2940 διὰ
1183 2874 1331 2939 τῶν
1373 2874 1842 2958 προκειμένων
1872 2864 1971 2951 ὥς
2005 2874 2154 2958 δίχα
2200 2876 2321 2959 τῆς
2348 2866 2680 2956 ἐνσάρκου
2710 2875 3086 2956 παρουσίας
3114 2863 3271 2938 Ἰου-

549 2987 616 3041 25
653 2974 829 3040 δαϊοι
871 2964 1127 3050 πάντες
1169 2966 1298 3039 τὸν
1342 2963 1549 3056 λόγον
1589 2974 1717 3039 τοῦ
1760 2974 1932 3040 θεοῦ
1972 2977 2086 3040 καὶ
2129 2968 2291 3051 τοῦς
2332 2964 2581 3057 λόγους
2622 2966 2784 3050 τοὺς
2812 2972 2887 3039 ἐν
2917 2986 3065 3050 ταῖς
3107 2994 3271 3054 προ-

652 3087 972 3157 φητικαῑς
1011 3084 1300 3156 γραφαῖς
1341 3073 1489 3138 τῶν
1533 3062 1743 3137 ὁσίων
1787 3070 2006 3155 ἔργων
2048 3065 2619 3157 παραγγελτικοὺς
2660 3061 2953 3155 ἀκριβῶς
3004 3062 3269 3153 ᾔδεσαν,

652 3172 722 3254 ἐξ
764 3163 1055 3239 ἁπαλῶν
1108 3170 1132 3255 Ι’
1184 3161 1456 3255 ὀνύχων
1497 3164 1786 3250 τούτους
1826 3175 2444 3256 καταμελετῶντες,
2505 3173 2619 3249 καὶ
2679 3165 2807 3237 τὸν
2866 3164 3037 3237 θεὸν
3096 3163 3271 3255 ‹6510-
3308 3176 3438 3233 145

652 3264 902 3379 λόγουν
966 3264 1094 3337 τὸν
1147 3262 1442 3338 πάντων
1501 3265 1798 3357 ποιητὴν
1856 3275 1969 3338 καὶ
2028 3264 2465 3356 δημιουργόν,
2530 3262 2759 3353 ὥσπερ
2818 3258 2943 3338 οὖν
3000 3273 3115 3338 καὶ
3165 3260 3272 3354 <ό>

653 3364 1074 3457 γραμματεὺς
1115 3361 1154 3437 6
1199 3359 1284 3436 δι’
1307 3392 1536 3485 3ορκου
1577 3364 2026 3455 πιστούμενος
2070 3374 2299 3438 τοῦτο.

551 3484 619 3538 30
817 3472 1036 3537 ταῦτα
1084 3469 1207 3553 μὲν
1250 3456 1374 3537 οὖν
1419 3469 1510 3547 εἰς
1555 3461 1900 3550 ἀπόδειξιν
1950 3472 2079 3538 τοῦ
2120 3473 2556 3552 Σαβελλίζειν
2616 3461 2743 3536 τὸν
2802 3462 3033 3553 ἄνδρα.
3123 3493 3270 3552 ωρα
3303 3478 3339 3533 6

655 3571 726 3635 δὲ
768 3561 1017 3637 λοιπὸν
1059 3568 1376 3637 ἐπελθεῖν
1417 3561 1587 3635 καὶι
1559 3595 1638 3647 ας
1652 3572 2047 3685 ,πεποίηται
2076 3562 2533 3654 διαστρόφους
2562 3571 2709 3636 τῶν
2737 3570 2955 3635 θείων
2983 3570 3272 3685 γραφῶν

655 3665 1020 3753 ἑρμηνείας,
1065 3660 1162 3747 αἶς
1204 3693 1288 3736 αν
1331 3660 1546 3753 μάθοι
1587 3670 1722 3746 πᾶς
1766 3670 1915 3734 τῶν
1958 3662 2083 3735 τὸν
2127 3662 2343 3750 ἄνδρα
2381 3663 2747 3752 τιμώντων
2791 3692 2901 3733 οτι
2941 3661 3033 3752 μὴ
3061 3660 3272 3752 μόνης

658 3770 778 3854 τῆς
821 3758 1038 3854 ὀρθῆς
1081 3760 1558 3853 παρεξετράπη
1601 3772 1913 3847 πίστεως,
1960 3758 2133 3835 ἀλλὰ
2176 3770 2287 3834 καὶ
2332 3769 2455 3852 τῆς
2496 3759 2724 3851 ύγιοῦς
2752 3769 2901 3835 τῶν
2942 3761 3272 3834 θεοπνεύ-

656 3887 846 3934 στων
888 3867 1178 3951 γραφῶν
1220 3860 1586 3949 ἐντεύξεως
1628 3891 1704 3933 τε
1745 3870 1859 3935 καὶ
1901 3870 2215 3950 θεωρίας.

825 4148 861 4203 2
897 4148 1020 4204 Joh.
1057 4152 1105 4217 1,
1143 4152 1172 4203 1
1217 4179 1284 4191 —
1321 4148 1420 4205 41!
1449 4147 1562 4219 vgl.
1597 4148 1688 4203 Nr.
1723 4152 1788 4204 41
1827 4179 1893 4189 —
1931 4149 2033 4205 911
2078 4149 2192 4220 vgl.
2226 4148 2321 4204 Nr.
2356 4148 2509 4204 68—
2544 4146 2720 4203 Μαι-Κ.
2756 4148 2839 4214 12,
2878 4146 3011 4205 28ff.
3046 4148 3170 4203 Par.
3206 4176 3272 4187 —

660 4252 737 4307 10
770 4252 970 4306 Matfih.
1007 4250 1090 4315 23,
1128 4252 1194 4307 13
1229 4268 1356 4305 usw.
1393 4280 1460 4290 —
1499 4251 1576 4306 12
1612 4250 1787 4305 Mark.
1826 4250 1907 4319 12,
1943 4251 2012 4305 32
2042 4252 2121 4290 ”-
2181 4250 2258 4306 18
2294 4250 2415 4304 Jak.
2452 4250 2502 4318 2,
2540 4251 2606 4305 19
2656 4278 2723 4288 -·
2778 4248 2899 4306 181
2927 4250 3041 4319 vgl.
3076 4248 3169 4303 Nr.
3204 4250 3274 4305 38

655 4382 722 4393 —
761 4352 902 4409 19ss
929 4353 1044 4423 vgl.
1078 4352 1171 4406 Nr.
1206 4350 1288 4406 82.
1324 4352 1392 4407 83
1429 4380 1498 4390 -
1535 4354 1614 4408 29
1649 4350 1826 4407 Mark.
1866 4353 1945 4417 12,
1982 4352 2113 4409 28ff.
2150 4352 2273 4407 Par.
2310 4382 2377 4391 —
2414 4350 2491 4408 82
2530 4351 2642 4421 vgl.
2680 4351 2731 4405 S.
2767 4351 2851 4419 58,
2887 4354 2971 4407 15.
3028 4351 3113 4419 80,
3151 4351 3218 4405 18

827 4602 866 4657 3
901 4600 961 4657 δὲ
997 4600 1246 4675 ὁρίζεται
1281 4602 1379 4670 V*‚
1415 4618 1552 4659 corr.
1589 4600 1667 4655 V²
1721 4602 1730 4671 Ι
1790 4601 1868 4658 18
1905 4596 2229 4657 ἐπικόπτων
2262 4600 2369 4655 We
2412 4601 2526 4671 vgl.
2562 4600 2813 4671 Regisber
2875 4602 2885 4670 Ι
2951 4600 3029 4657 28
3077 4597 3111 4655 ὁ
3146 4598 3220 4653 Kl
