3694 5582
1195 540 1262 596 de
1298 541 1670 598 ecclesiasffica
1702 541 1991 612 theologia
2023 542 2103 596 ΙΙΙ
2138 544 2187 597 3.
2886 551 3003 612 155

381 699 997 792 ἐξυπηρετούμενος
1041 700 1370 793 νεύμασιν.
1457 703 1563 776 διὸ
1609 713 1917 778 λέλεκταί
1959 733 2097 777 που
2146 710 2427 776 »αἰνεττε
2470 705 2599 777 τὸν
2641 704 2881 794 κύριον
2928 710 3003 778 ἐκ
3036 720 3097 772 51

381 810 532 874 τῶν
576 798 922 891 ούρανῶν,
985 808 1232 875 αἰνεττε
1285 800 1500 877 αὐτὸν
1543 811 1618 877 ἐν
1661 825 1807 889 τοῖς
1849 802 2175 892 ὑψίστοις.
2262 809 2511 876 αἰνεττε
2554 801 2787 890 αὐτόν,
2830 803 3000 878 πάν·
3034 821 3101 873 52

382 935 496 988 τες
540 906 604 975 οἱ
635 902 906 992 ἄγγελοι
937 898 1172 974 αὐτοῦ·
1219 909 1465 975 αἰνεῑτε
1495 902 1727 991 αὐτόν,
1771 911 1983 976 πᾶσαι
2012 906 2079 976 αἱ
2111 901 2425 994 δυνάμεις
2454 901 2681 976 αὐτοῦ.
2752 909 2999 977 αἰνεττε

383 1001 616 1088 αὐτόν,
661 999 854 1092 ἥλιος
895 1007 1008 1072 καὶ
1051 999 1327 1092 σελήνη·
1371 1005 1619 1076 αἰνεῑτε
1665 1000 1900 1088 αὐτόν,
1944 1001 2175 1075 πάντα
2220 1002 2304 1073 τὰ
2337 1002 2551 1094 ἄστρα
2579 1012 2691 1075 καὶ
2721 1003 2803 1075 τὸ
2836 1011 3004 1092 φῶς.

319 1109 350 1164 5
382 1111 634 1177 αἰνεττε
686 1097 929 1184 αὐτόν,
991 1105 1056 1172 οἱ
1109 1097 1390 1190 οὐρανοὶ
1433 1111 1581 1176 τῶν
1627 1101 1967 1193 οὐρανῶν,
2010 1113 2123 1174 καὶ
2166 1103 2253 1176 τὰ
2294 1098 2511 1175 ῧδατα
2554 1102 2640 1174 τὰ
2683 1101 3001 1194 ύπεράνω

383 1211 532 1275 τῶν
578 1198 912 1291 ούρανῶν.
1001 1200 1464 1274 αἱνεσάτωσαν
1526 1201 1608 1275 τὸ
1661 1197 1879 1292 ὄνομα
1930 1212 2188 1294 κυρίου·
2250 1197 2361 1275 ὅτι
2412 1201 2619 1288 αὐτὸς
2663 1204 2851 1276 εἶπεν
2891 1211 3003 1276 καὶ

384 1300 829 1394 ἐγενήθησαν,
899 1307 908 1388 Ι
976 1297 1182 1384 αὐτὸς
1241 1305 1624 1374 ἐνετείλατο
1687 1311 1800 1376 καὶ
1860 1307 2332 1391 ἐκτίσθησανι.
2416 1303 2599 1394 πλὴν
2661 1301 2833 1376 ἀλλὰ
2892 1311 3005 1374 καὶ
3038 1316 3106 1370 53
3136 1330 3140 1384 5
3174 1315 3285 1370 165

383 1411 548 1494 πρὶν
590 1409 906 1492 γενέσθαι
947 1397 1163 1470 αὐτὸν
1206 1399 1332 1471 τὸν
1377 1397 1675 1493 οὐρανὸν
1713 1410 1828 1475 καὶ
1874 1404 1961 1474 τὰ
1991 1407 2300 1475 ἐπέκεινα
2346 1399 2640 1493 ούρανοῦ
2682 1401 2769 1475 τά
2812 1431 2891 1474 τε
2930 1408 3007 1475 ἐν

387 1500 659 1592 οὐρανῷ
703 1497 936 1572 πάντα
997 1504 1092 1588 (ἐξ
1143 1499 1297 1583 ἑνὸς
1346 1502 1472 1591 γὰρ
1517 1501 1604 1574 τὰ
1646 1499 1876 1574 πάντα
1915 1509 2430 1594 περιληπτικῶς
2473 1501 2875 1594 δεδήλωται)
2922 1495 3006 1593 ἦν

293 1611 354 1667 10
387 1599 426 1675 ὅ
469 1601 614 1685 υἱὸς
660 1607 787 1673 τοῦ
826 1606 1013 1685 θεοῦ,
1057 1607 1170 1671 καὶ
1215 1608 1318 1690 τῷ
1363 1609 1572 1691 πατρὶ
1615 1608 1842 1693 παρῆν
1888 1629 1964 1672 τε
2005 1610 2118 1674 καὶ
2162 1610 2373 1692 συνῆν
2404 1605 2505 1673 ἔτι
2535 1609 3003 1691 βουλευομένῳ

385 1709 537 1790 περὶ
581 1707 704 1792 τῆς
747 1698 1026 1773 τούτων
1067 1695 1406 1772 ἁπάντων
1457 1699 1860 1784 συστάσεως.
1946 1699 2049 1774 διό
2105 1727 2311 1791 φησιν
2365 1698 2601 1791 »ἡνίκα
2646 1698 3007 1792 ἦτοίμαζεν

386 1803 512 1874 τὸν
543 1798 861 1888 οὐρανόν,
905 1796 1352 1890 συμπαρήμην
1392 1796 1641 1891 αύτῷι.
1711 1799 1842 1872 εἷθ’
1890 1799 1987 1886 ῶς
2030 1799 2290 1891 ἀγαθὸς
2331 1800 2626 1891 γραφεὺς
2671 1801 2793 1884 τὰς
2823 1799 3005 1892 ἆρχε-

385 1903 643 1984 τύπους
687 1906 867 1984 ἰδέας
910 1903 985 1971 ἐκ
1028 1906 1175 1970 τῶν
1216 1907 1576 1989 πατρικῶν
1620 1909 1967 1991 λογισμῶν
2009 1898 2523 1990 ἀπολαμβάνων
2550 1905 2662 1972 ἐπὶ
2706 1901 2829 1985 τὰς
2858 1911 3006 1974 τῶν

383 2007 608 2092 ἔργων
673 2005 1042 2090 μετέφερεν
1113 1995 1365 2083 οὐσίας,
1439 2007 1730 2072 τοιαῦτα
1801 2009 2279 2088 ςωοπλαστῶν
2348 2007 2461 2072 καὶ
2530 1997 3001 2090 ὑφιστάμενος,

288 2109 350 2165 15
383 2099 592 2175 ὁποῖα
635 2107 722 2189 τῇ
765 2105 894 2170 τοῦ
935 2096 1200 2186 πατρὸς
1243 2105 1508 2191 διανοία
1535 2108 2086 2191 προῦποκείμενα
2114 2101 2311 2189 ἑώρα.
2382 2099 2659 2172 τούτων
2702 2098 2767 2170 δ’
2799 2098 3005 2184 αὐτὸς
3037 2113 3106 2168 54

381 2197 626 2291 γένοιτ’
673 2229 760 2271 αν
801 2197 1059 2290 μάρτυς
1111 2195 1502 2288 ἀξιόχρεως,
1555 2203 1630 2271 ἐν
1675 2196 2111 2290 Εὕαγγελίοις
2166 2191 2298 2271 ὦδε
2350 2197 2717 2271 διδάσκων·
2791 2197 3007 2290 »ἀμὴν

382 2298 560 2392 ἀμὴν
603 2308 780 2387 λέγω
824 2295 999 2390 υμῖν,
1046 2295 1128 2369 ού
1171 2297 1456 2371 δύναται
1499 2329 1538 2370 ο
1579 2297 1726 2383 υίὸς
1768 2317 1995 2372 ποιεῖν
2035 2295 2151 2387 ἀφ’
2200 2301 2445 2373 εαυτοῦ
2488 2296 2707 2384 οὐδέν,
2754 2299 2874 2372 ἐὰν
2913 2298 3005 2390 μή

381 2431 450 2472 τι
491 2407 706 2490 βλέπῃ
752 2398 880 2472 τὸν
921 2404 1183 2487 πατέρα
1225 2405 1588 2471 ποιοῦντα·
1660 2429 1704 2468 α
1746 2399 1873 2489 γὰρ
1922 2429 2007 2472 αν
2066 2403 2323 2482 ἐκεῖνος
2380 2407 2567 2488 ποιῇ,
2631 2406 2848 2472 ταῦτα
2892 2406 3003 2470 καὶ

381 2531 419 2572 ο
461 2499 606 2583 υίὸς
650 2496 904 2590 ὁμοίως
945 2517 1140 2571 ποιεῖ.
1227 2493 1265 2568 ὁ
1311 2496 1436 2590 γὰρ
1489 2499 1716 2589 πατὴρ
1778 2511 1966 2587 φιλεῖ
2019 2498 2147 2570 τὸν
2206 2498 2360 2571 υἱὸν
2417 2507 2529 2571 καὶ
2588 2497 2817 2571 πάντα
2879 2504 3001 2570 δεί-
3038 2517 3104 2570 55

723 2596 1140 2624 ......

378 2695 466 2771 τά
511 2692 694 2785 άπαξ
735 2697 872 2770 υπὸ
917 2707 1044 2773 τοῦ
1086 2696 1349 2788 πατρὸς
1401 2697 1733 2789 γεγονότα
1786 2728 1824 2770 ο
1887 2694 2067 2823 υίὸςς
2094 2692 2295 2781 αὖθις
2354 2717 2568 2784 ποιεῑ,·
2628 2698 3000 2772 ἐπελύσατο

379 2798 445 2871 δ’
489 2798 696 2884 αὐτὸς
739 2800 869 2873 τὸν
912 2796 1120 2888 λόγον
1164 2800 1384 2870 είπών
1430 2796 1509 2868 »ἃ
1553 2798 1678 2889 γὰρ
1731 2804 1842 2873 82²
1899 2828 1987 2870 αν
2030 2830 2067 2871 ο
2112 2799 2341 2890 πατὴρ
2383 2807 2579 2889 ποιῇ,
2628 2806 2847 2872 ταῦτα
2888 2806 2999 2871 καὶ

380 2895 417 2971 ὁ
461 2898 608 2982 υίὸς
650 2896 903 2989 ὁμοίως
933 2918 1172 2971 ποιετι.
1245 2895 1496 2971 οὐκοῦν
1525 2896 1927 2989 ομοιῶματα
1968 2897 2283 2988 τυγχάνει
2336 2900 2425 2970 τὰ
2466 2898 2638 2990 πρὸς
2681 2906 2809 2971 τοῦ
2848 2904 3001 2971 υἱοῦ
3035 2920 3103 2976 56

377 2996 738 3091 γιγνόμενα
799 3003 1018 3090 ἔργων
1068 2996 1468 3088 άρχετύπων
1527 3003 1603 3069 ἐν
1661 2995 2083 3089 ἀπορρήτοις
2146 3006 2277 3071 τοῦ
2333 2998 2597 3089 πατρὸς
2658 3013 2998 3089 λογισμοῖς

283 3105 346 3162 25
377 3106 1026 3189 προϋφισταμένων,
1088 3095 1130 3169 ἃ
1191 3096 1274 3187 δὴ
1325 3104 1604 3183 βλέπων
1649 3094 1881 3181 ἀτενὲς
1924 3102 1999 3169 ἐν
2042 3106 2129 3187 τῇ
2174 3105 2303 3170 τοῦ
2344 3097 2609 3189 πατρὸς
2652 3104 2918 3190 διανοίᾳ
2963 3094 3002 3171 ὅ

377 3197 523 3281 υἱὸς
582 3196 926 3289 μιμήματα
989 3190 1094 3269 ῶν
1153 3197 1334 3287 ἑώρα
1395 3202 1623 3269 ἐποίει.
1709 3199 1792 3271 τὸ
1857 3194 1921 3270 δ’
1981 3196 2388 3270 ἐποπτεύειν
2447 3194 2663 3270 αὐτὸν
2726 3198 2813 3269 τὰ
2874 3204 3002 3270 τοῦ

376 3296 636 3385 πατρὸς
687 3295 868 3386 βάθη
921 3304 1046 3387 τῆς
1105 3303 1441 3388 πατρικῆς
1499 3294 1764 3387 ἀγάπης
1817 3301 2021 3387 ἔργον
2069 3300 2241 3369 εἶναι
2300 3305 2593 3386 παρίστη
2646 3304 3001 3384 διασαφῶν

379 3398 526 3487 ἑξῆς
584 3404 697 3468 καὶ
758 3404 979 3487 λέγων
1043 3392 1118 3469 »ὁ
1172 3396 1297 3487 γὰρ
1355 3396 1589 3487 πατὴρ
1642 3406 1826 3486 φιλεῖ
1868 3396 1995 3469 τὸν
2038 3397 2190 3469 υἱὸν
2233 3404 2346 3469 καὶ
2390 3394 2618 3468 πάντα
2662 3403 2997 3468 δείκνυσιν

377 3493 563 3585 αύτῷ
609 3492 654 3566 ἃ
699 3493 905 3581 αὐτὸς
946 3514 1188 3569 ποιεῑι.
1273 3496 1662 3581 δεικνύντος
1707 3495 1836 3585 ἄρα
1881 3505 2008 3569 τοῦ
2048 3494 2313 3585 πατρὸς
2356 3495 2444 3567 τὰ
2474 3497 2721 3568 ἑαυτοῦ
2748 3494 2999 3585 κρύφια

280 3602 346 3659 30
374 3604 672 3684 θεωρῶν
733 3592 772 3667 ὅ
833 3594 978 3680 υίὸς
1037 3592 1128 3668 δι’
1192 3596 1414 3687 ἔργων
1471 3592 1721 3685 ὖφίστη
1786 3595 1873 3668 τὰ
1935 3602 2058 3687 τῆς
2118 3602 2457 3687 πατρικῆς
2515 3602 2760 3685 βουλῆς
2824 3600 2995 3684 ἔργα.

375 3689 600 3779 οὕτως
654 3689 780 3769 οὖν
839 3698 1069 3768 συνών
1127 3703 1232 3787 τῷ
1293 3703 1502 3785 πατρὶ
1566 3704 1680 3768 καὶ
1741 3698 2118 3787 συμπαρών
2177 3693 2367 3785 αύτῷ
2428 3694 2999 3785 προετοιμάζοντι

374 3796 501 3869 τὸν
545 3792 842 3885 οὐρανὸν
881 3801 996 3867 καὶ
1041 3794 1127 3867 τὰ
1170 3791 1275 3866 ἐπ’
1323 3792 1512 3885 αύτῷ
1558 3792 1747 3867 τοῦτ’
1779 3800 2083 3868 ἐδίδασκε
2112 3802 2336 3887 λέγων
2370 3791 2605 3884 »ἡνίκα
2636 3790 2997 3884 ἦτοίμαζεν

372 3893 499 3966 τὸν
543 3892 860 3982 οὐρανόν,
907 3891 1351 3985 συμπαρῆμην
1397 3892 1643 3985 αύτῷι.
1731 3900 1992 3985 ἔχαιρέν
2053 3926 2128 3967 τε
2192 3891 2231 3967 0‘
2290 3894 2521 3984 πατὴρ
2580 3903 2744 3983 πρὶν
2794 3890 2839 3984 ἢ
2881 3902 2991 3965 καὶ
3028 3910 3092 3964 57

374 3992 500 4065 τὸν
540 3993 796 4083 κόσμον
842 4002 1182 4083 γενέσθαι,
1245 4002 1338 4078 εἰς
1391 3993 1605 4066 αὐτὸν
1648 3992 1941 4084 ἀφορῶν
1984 3996 2113 4068 τὸν
2156 3996 2407 4067 ἑαυτοῦ
2458 4000 2797 4084 μονογενῆ
2840 3993 2991 4065 υίὸν

543 4216 576 4271 l
617 4214 702 4270 Ps.
742 4216 858 4281 148,
896 4217 1028 4271 1—5
1063 4246 1130 4255 —
1169 4216 1240 4272 11
1280 4216 1440 4271 Prov.
1476 4216 1524 4281 8,
1562 4218 1626 4271 27
1664 4244 1730 4253 —
1769 4216 1844 4271 16
1879 4216 2002 4271 Joh.
2039 4218 2088 4283 5,
2125 4218 2205 4272 19.
2242 4217 2311 4273 20
2344 4246 2411 4256 -
2457 4217 2535 4272 22
2576 4214 2697 4270 Joh.
2734 4216 2783 4276 5,
2825 4215 2887 4270 19
2923 4242 2990 4253 -

371 4318 448 4374 28
484 4316 610 4371 Joh.
645 4320 695 4381 5,
729 4318 798 4372 20
831 4346 900 4357 —
935 4317 1014 4373 82
1051 4318 1212 4374 Prov.
1249 4320 1298 4381 8,
1333 4319 1400 4373 27

539 4516 580 4575 8
617 4514 793 4573 αὐτὸν
827 4536 884 4572 m
919 4513 1093 4574 αὐτοῦ
1129 4518 1179 4571 V
1227 4519 1234 4585 Ι
1299 4518 1338 4574 9
1383 4515 1590 4587 πάντα]
1629 4526 1693 4583 -1-
1731 4512 1767 4573 ἃ
1804 4536 1853 4572 a..
1890 4517 1951 4571 R..
1988 4518 2069 4571 V²
2129 4523 2140 4583 1
2210 4518 2287 4576 10
2321 4519 2497 4590 πατρὶ
2530 4518 2629 4585 V2,
2668 4523 2875 4589 σωτῆρι
2912 4516 2991 4569 V*

377 4620 382 4683 Ι
447 4618 524 4677 16
576 4616 804 4690 γένοιτο
857 4616 1074 4691 μάρτυς
1125 4618 1202 4688 V,
1259 4636 1393 4674 corr.
1447 4619 1521 4673 Kl
1583 4620 1594 4687 Ι
1661 4620 1736 4676 18
1774 4614 1846 4675 ἂν
1883 4619 1961 4673 V2
2011 4615 2113 4676 ἐὰν
2158 4620 2237 4674 V*
2302 4622 2311 4690 Ι
2378 4620 2451 4675 21
2510 4625 2647 4689 ποιῇ
2684 4619 2759 4671 V²
2820 4622 2831 4687 1
2915 4619 2994 4674 28

372 4718 638 4788 ὁμοίωμα
674 4720 742 4788 V,
777 4736 913 4777 corr.
953 4720 1056 4776 We
