3694 5582
1197 515 1266 570 de
1301 516 1670 571 ecclesiastiea
1703 515 1989 586 theologia.
2024 515 2103 568 Ill
2137 516 2185 570 2.
2886 523 2996 582 141

384 671 609 760 οῦτως
653 683 746 760 εἰς
797 675 1064 761 πάντας
1128 674 1546 767 ἀνθρώπους
1607 679 1733 751 τὸν
1777 676 2077 764 Χριστὸν
2139 684 2265 748 τοῦ
2324 685 2493 748 θεοῦ
2552 674 3003 767 κατήγγειλαν

383 775 794 860 ἀκολούθως
836 785 924 866 τῇ
965 786 1354 868 προφητείᾳ
1403 776 1669 866 φησάσῃ
1736 774 1952 850 »διότι
2013 777 2163 849 ἰδοῦ
2212 775 2509 864 στερεῶν
2550 776 2849 866 βροντὴν
2892 783 3001 848 καὶ

381 884 640 964 κτίζων
680 883 946 968 πνεῦμα
985 885 1100 948 καὶ
1144 873 1586 966 ἀναγγέλλων
1629 882 1722 960 εἰς
1764 873 2189 966 ἀνθρώπους
2226 875 2355 948 τὸν
2384 875 2687 965 Χριστὸν
2729 875 3000 962 αῦτοῦι,

383 983 508 1048 τοῦ
549 983 669 1066 μὲν
705 985 1030 1064 »κτίζωνι
1067 974 1222 1048 άντὶ
1253 983 1378 1048 τοῦ
1405 984 1879 1064 καταπέμπων
1906 973 1951 1066 ἢ
1978 973 2432 1048 κατατάσσων
2463 981 2835 1066 εἰρημένου,
2881 984 3003 1067 τῆς

311 1091 346 1144 5
383 1083 454 1149 δὲ
505 1084 798 1166 βροντῆς
857 1073 1016 1147 καθ’
1071 1077 1308 1165 ἕτερον
1353 1074 1620 1164 τρόπον
1672 1076 1755 1148 τὸ
1801 1074 2234 1165 εῦαγγελικὸν
2292 1074 2595 1167 κήρυγμα
2656 1076 3003 1166 δηλούσης.

381 1184 488 1248 καὶ
536 1171 574 1247 ὁ
620 1183 840 1266 λέγων
883 1182 954 1247 δὲ
1003 1183 1324 1266 »καρδίαν
1371 1175 1694 1266 καθαρὰν
1735 1185 1975 1248 κτίσον
2018 1181 2091 1247 ἐν
2134 1179 2307 1265 ἐμοὶ,
2371 1173 2410 1247 ὅ
2461 1173 2693 1260 θεόςε,
2741 1173 2861 1264 οὐχ
2907 1176 3002 1260 ῶς

381 1275 472 1366 μὴ
515 1279 690 1364 ἔχων
733 1282 1017 1367 καρδίαν
1060 1273 1247 1349 τοῦτ’
1295 1282 1544 1366 ἔλεγεν,
1589 1277 1905 1366 καθαρὰν
1948 1281 2021 1347 δὲ
2064 1272 2251 1365 αὐτῷ
2307 1275 2435 1366 τὴν
2480 1273 2789 1347 διάνοιαν
2832 1274 3001 1349 ἀπο-

381 1382 790 1466 τελεσθῆναι
832 1369 1092 1466 ηῦχετο.
1179 1369 1404 1459 οῦτως
1466 1379 1724 1466 εἴρηται
1781 1384 1893 1446 καὶ
1953 1376 2035 1447 τὸ
2102 1375 2253 1446 »ἵνα
2297 1376 2458 1458 τοὺς
2501 1374 2621 1447 δύο
2666 1384 2861 1466 κτίσῃ
2909 1383 3001 1460 εἰς
3037 1379 3103 1432 12

385 1477 503 1547 ἕνα
553 1477 798 1547 καινὸν
848 1476 1267 1565 ἄνθρωπον»
1325 1473 1482 1548 ἀντὶ
1542 1483 1666 1546 τοῦ
1727 1473 2091 1566 συναγάγῃ·
2164 1469 2291 1562 ὅρα
2348 1472 2613 1566 μήποτε
2674 1472 3002 1546 τοιοῦτόν

279 1587 346 1641 10
383 1579 569 1647 ἐστιν
608 1584 720 1647 καὶ
765 1573 848 1647 τὸ
897 1575 1304 1648 »ἐνδύσασθε
1347 1575 1474 1648 τὸν
1533 1573 1773 1647 καινὸν
1831 1574 2219 1666 ἄνθρωπον
2262 1573 2390 1646 τὸν
2431 1574 2605 1646 κατὰ
2648 1574 2821 1646 θεὸν
2863 1605 3001 1646 κτι-

383 1683 675 1747 σθέντα(
723 1682 838 1746 καὶ
888 1672 971 1747 τὸ
1038 1681 1134 1746 »εἴ
1172 1704 1278 1758 τις
1322 1669 1445 1748 οὖν
1487 1680 1564 1746 ἐν
1607 1681 1916 1764 Χριστῷ,
1960 1674 2159 1764 καινὴ
2200 1683 2451 1757 κτίσις(
2500 1683 2615 1745 καὶ
2659 1667 2783 1745 ὅσα
2829 1673 3003 1746 ἄλλα

383 1768 565 1863 εῦροι
607 1805 694 1846 αν
737 1803 843 1857 τις
885 1773 1395 1864 τοιουτότροπα
1443 1774 1574 1864 τὴν
1625 1772 2097 1847 θεόπνευστον
2148 1773 2419 1864 γραφὴν
2464 1771 3003 1863 διερευνώμενος.

379 1873 470 1964 μὴ
515 1871 864 1962 θαυμάσης
908 1867 1032 1946 οῦν
1074 1881 1130 1946 εἰ
1173 1881 1648 1964 μεταφορικῶς
1678 1881 1791 1945 καὶ
1837 1879 1911 1945 ἐν
1956 1880 2058 1962 τῶ
2095 1873 2362 1962 »κύριος
2393 1876 2655 1944 ἔκτισέν
2676 1901 2756 1964 με
2792 1871 3005 1964 αρχὴν

383 1970 570 2046 ὁδῶν
613 1971 859 2045 αυτοῦ(
928 1975 1010 2046 τὸ
1064 1977 1322 2046 ἔκτισεν
1376 1972 1530 2046 ἀντὶ
1572 1979 1701 2046 τοῦ
1759 1979 2173 2063 κατέστησεν
2230 1969 2275 2061 ἢ
2332 1979 2704 2059 κατέταξεν
2765 1979 2859 2055 εἰς
2920 1971 3002 2044 τὸ

277 2083 346 2136 15
383 2073 612 2162 ἄρχειν
657 2078 942 2193 εἴρηται,
989 2078 1136 2146 ἐπεὶ
1175 2079 1288 2144 καὶ
1333 2077 1406 2146 ἐν
1449 2070 1884 2162 Εῦαγγελίοις
1926 2079 2293 2162 λεγομένου
2342 2069 2478 2144 υπὸ
2525 2079 2651 2144 τοῦ
2694 2079 3006 2162 σωτῆρος

383 2171 578 2264 ἡμῶν
618 2180 746 2246 τοῦ
794 2179 1361 2262 »ἐξομολογοῦμαί
1405 2196 1529 2256 σοι,
1573 2170 1812 2262 πάτερ,
1858 2171 2043 2261 κύριε
2089 2179 2216 2244 τοῦ
2246 2169 2543 2260 οὐρανοῦ
2570 2179 2679 2242 καὶ
2710 2179 2833 2261 τῆς
2863 2178 3002 2260 γῆς

383 2271 495 2345 ὅτι
565 2270 957 2363 ἀπέκρυψας
1019 2279 1237 2345 ταῦτα
1299 2270 1436 2345 απὸ
1502 2279 1746 2360 σοφῶν
1807 2280 1919 2342 καὶ
1990 2280 2320 2357 συνετῶν,
2390 2281 2503 2343 καὶ
2565 2269 3004 2358 ἀπεκάλυψας

383 2371 558 2444 αυτά
608 2381 913 2462 νηπίοις(
981 2369 1063 2445 οὗ
1124 2373 1254 2464 τὴν
1308 2379 1454 2442 τῶν
1505 2367 2018 2462 ἁμαρτημάτων
2078 2368 2449 2462 ομολογίαν
2512 2377 2525 2463 Ι
2586 2368 2770 2458 (καθ’
2817 2365 2855 2442 ὃ
2900 2377 3003 2443 λέ·
3043 2375 3158 2431 152

386 2485 618 2544 λεκται
687 2477 764 2543 ἐν
823 2473 1076 2559 ἑτέροις
1141 2477 1697 2562 »ἐξομολογεῖσθε
1758 2468 2083 2561 ἀλλήλοις
2144 2471 2267 2554 τὰς
2327 2467 2721 2562 άμαρτίαςι)
2786 2478 3005 2559 φαμὲν

279 2577 350 2634 20
381 2569 520 2642 ὑπὸ
564 2578 692 2642 τοῦ
734 2577 1045 2660 σωτῆρος
1091 2577 1486 2661 δηλοῦσθαι,
1533 2568 1708 2643 ἀλλὰ
1751 2571 1883 2661 τὴν
1927 2576 2036 2642 ἐπὶ
2079 2590 2227 2655 τοῖς
2268 2577 2539 2660 νηπίοις
2583 2567 3005 2660 εὐχαριστίαν

385 2667 538 2743 ἀντὶ
599 2677 726 2742 τοῦ
791 2667 1201 2759 »εὐχαριστῶ
1262 2695 1396 2754 σοι,
1457 2669 1704 2760 πάτερ,
1765 2669 1950 2759 κύριε
2012 2676 2138 2741 τοῦ
2182 2667 2481 2759 οὐρανοῦ
2522 2678 2635 2742 καὶ
2678 2677 2801 2762 τῆς
2842 2678 2995 2762 γῆς»

383 2777 508 2843 τοῦ
559 2775 1118 2861 ἐξομολογεῖσθαι
1162 2777 1576 2861 λελεγμένου.
1649 2778 1849 2862 μυρία
1893 2765 1951 2841 δ’
1996 2769 2080 2842 ἄν
2124 2801 2227 2854 τις
2257 2765 2446 2862 εῦροι
2475 2778 2683 2860 σχολῇ
2712 2771 3003 2863 ζητήσας
3038 2783 3103 2836 13

384 2878 486 2962 τῷ
530 2870 706 2941 κατὰ
749 2870 1145 2962 μεταφορὰν
1187 2868 1430 2959 τρόπῳ
1475 2870 1566 2941 δι’
1615 2864 1778 2960 ὅλης
1821 2877 1945 2961 τῆς
1975 2879 2165 2955 θείας
2209 2878 2470 2960 γραφῆς
2513 2877 2846 2962 εἰρημένα,
2890 2880 3001 2943 καὶ

383 2944 562 3043 ἄλλα
604 2968 999 3060 πολύσημον
1045 2974 1288 3058 ἔχοντα
1317 2970 1448 3061 τὴν
1479 2967 1807 3055 διάνοιαν,
1852 2978 1963 3043 καὶ
1994 2967 2377 3061 ομωνύμως
2408 2972 2601 3060 ἕτερα
2646 2968 3001 3061 διαφόρων

281 3082 347 3137 25
385 3068 805 3159 πραγμάτων
845 3067 1420 3159 κατηγορούμενα,
1465 3079 1618 3161 περὶ
1665 3099 1766 3171 ων
1808 3069 2071 3159 μακρὸν
2115 3101 2201 3142 αν
2248 3075 2347 3161 εἴη
2389 3080 2504 3141 καὶ
2548 3067 2630 3141 οῦ
2673 3077 2799 3142 τοῦ
2826 3098 2997 3160 παρ·

383 3166 587 3253 ὄντος
643 3174 884 3258 καιροῦ
944 3174 1272 3255 διεξιέναι.
1359 3163 1583 3251 οὕτως
1625 3162 1750 3241 οὖν
1791 3175 1904 3241 καὶ
1948 3174 2251 3242 ἐνταῦθα
2294 3170 2377 3242 τὸ
2428 3169 2693 3259 »κύριος
2738 3173 2999 3241 έκτισὲν
3036 3185 3101 3237 14

379 3296 460 3357 με
512 3264 726 3358 ἀρχὴν
774 3264 960 3340 ὁδῶν
1019 3266 1233 3341 αυτοῦ
1285 3275 1376 3352 εἰς
1422 3273 1579 3359 ἔργα
1621 3266 1869 3340 αὐτοῦ(
1935 3266 2089 3341 ἀντὶ
2150 3277 2279 3342 τοῦ
2336 3276 2705 3355 κατέταξέν
2763 3296 2843 3358 με
2903 3276 2995 3352 εἰς

382 3367 465 3439 τὸ
510 3396 736 3457 αρχειν
779 3375 928 3439 τῶν
971 3371 1192 3457 ἔργων
1236 3364 1449 3440 αυτοῦ
1502 3375 1835 3440 λέλεκται·
1910 3367 2015 3440 διὸ
2070 3366 2283 3457 οῦχα
2241 3365 2479 3453 άπλῶς
2538 3374 2837 3441 »ἔκτισεν
2879 3398 2991 3459 με«

383 3473 669 3557 εἴρηται,
743 3465 922 3540 αλλὰ
979 3468 1151 3559 μετὰ
1201 3465 1602 3557 προσθήκης
1661 3476 1784 3558 τῆς
1849 3464 2099 3559 »ἀρχὴν
2161 3464 2347 3541 οδῶν
2409 3467 2620 3541 αὐτοῦ
2680 3475 2771 3550 εἰς
2842 3498 2999 3559 εργα

281 3578 348 3633 30
379 3564 652 3639 αὐτοῦ».
737 3574 948 3639 τοῦτο
995 3575 1066 3639 δὲ
1107 3566 1399 3655 μάλιστα
1441 3576 1849 3658 παρίστησιν
1893 3566 1934 3658 ἦ
1975 3566 2275 3658 ζΕβραϊκὴ
2322 3575 2510 3656 λέξις.
2598 3576 2654 3639 εἰ
2697 3575 2865 3657 γοῦν
2894 3599 2996 3652 τις
3036 3588 3100 3641 15

381 3664 888 3755 ἐξακριβάσαιτο
949 3665 1078 3739 τὸν
1129 3664 1357 3755 ἀληθῆ
1413 3674 1579 3740 νοῦν
1634 3674 1756 3757 τῆς
1798 3668 2269 3740 θεοπνεύστου
2309 3674 2601 3758 γραφῆς,
2662 3662 2848 3757 εὕροι
2911 3666 2995 3739 ἂν

383 3766 514 3855 τὴν
554 3760 902 3856 Ἐβραϊκὴν
946 3764 1330 3855 ἀνάγνωσιν
1370 3772 1482 3840 '77‘
1527 3764 1609 3840 οὗ
1636 3774 2078 3857 περιέχουσαν
2120 3766 2203 3838 τὸ
2254 3770 2548 3840 »ἔκτισέν
2576 3797 2717 3858 με»,
2764 3765 2999 3857 διόπερ

554 3936 656 3991 2ff
683 3940 852 3991 Amos
885 3939 936 4003 4,
975 3936 1040 3991 13
1073 3966 1138 3975 —-
1176 3936 1214 3993 6
1262 3936 1348 3991 Pa.
1387 3940 1470 4005 50,
1507 3940 1572 3993 12
1608 3968 1674 3976 —
1724 3940 1760 3995 8
1805 3938 1943 4009 Eph.
1982 3940 2029 4005 2,
2066 3942 2131 3995 15
2183 3968 2249 3977 -
2307 3940 2384 3995 10
2424 3938 2563 4009 Eph.
2598 3940 2647 4005 4,
2683 3940 2751 3993 24
2802 3968 2866 3977 —
2925 3938 2997 3993 11

383 4036 433 4090 11
469 4037 599 4093 Kor.
635 4042 684 4100 5,
721 4040 784 4091 17
821 4067 888 4077 —
925 4038 1002 4093 18
1037 4038 1198 4093 Prov.
1234 4040 1284 4104 8,
1320 4039 1388 4093 22
1424 4068 1490 4077 -
1529 4040 1602 4095 16
1637 4040 1838 4095 Matth.
1878 4043 1957 4103 11,
1984 4042 2065 4095 25.
2124 4040 2261 4094 Luk.
2296 4042 2377 4109 10,
2397 4041 2460 4095 21
2506 4070 2573 4081 -
2611 4040 2687 4095 19
2724 4040 2847 4093 Jak.
2866 4040 2913 4107 5,
2938 4044 3000 4095 15

381 4166 450 4177 —-
485 4139 562 4193 21
603 4138 804 4193 Matth.
839 4141 923 4205 11,
958 4140 1040 4194 25.
1099 4140 1237 4195 Luk.
1275 4142 1356 4206 10,
1392 4142 1457 4196 21
1511 4170 1576 4180 -
1629 4140 1705 4197 26
1739 4140 1903 4197 Prov.
1938 4142 1987 4207 8,
2023 4144 2090 4198 22
2142 4172 2207 4183 --
2264 4142 2406 4199 2811’
2435 4142 2597 4197 Prov.
2630 4142 2680 4205 8,
2716 4142 2783 4196 22
2818 4171 2883 4183 —
2920 4140 2999 4197 82

387 4238 544 4294 Prov.
580 4241 630 4307 8,
665 4240 734 4293 22
766 4269 833 4279 -
870 4240 1015 4295 80st
1045 4241 1156 4310 vgl.
1195 4241 1364 4295 Basil.
1401 4258 1446 4295 o.
1483 4239 1714 4297 Eunom.
1749 4244 1818 4310 ΙΙ,
1856 4245 1923 4298 20

551 4389 590 4445 8
625 4386 1001 4460 ἀπαγγέλλων
1035 4392 1182 4445 Socr.
1246 4394 1255 4459 Ι
1318 4392 1356 4446 4
1411 4390 1517 4460 μὲν
1552 4400 1618 4451 <
1654 4392 1800 4447 Socr.
1866 4394 1876 4462 Ι
1944 4394 1973 4449 7
2032 4390 2187 4467 αὐτῷ
2222 4393 2297 4445 V²
2332 4394 2475 4447 Socr.
2519 4390 2707 4449 αὐτῶν
2741 4392 2823 4447 V*
2888 4394 2897 4459 1
2962 4394 3001 4449 8
3058 4447 3073 4461 ‚

383 4490 448 4547 τὸ
483 4500 550 4551 <
585 4492 732 4547 Socr.
797 4494 806 4559 Ι
867 4492 904 4547 θ
958 4490 1268 4563 συναγάγῃ]
1307 4500 1372 4557 -Ι-
1405 4494 1544 4547 καὶῬ
1600 4495 1608 4561 1
1667 4494 1741 4548 11
1783 4486 1885 4549 οὖν
1922 4496 2063 4548 auch
2098 4496 2243 4549 Soet.
2276 4504 2343 4555 <
2378 4494 2475 4549 NT
2510 4494 2781 4565 (Niceph.)
2847 4497 2855 4562 Ι
2925 4494 2999 4549 12

383 4590 622 4666 τοιούτῳ
657 4593 854 4667 τρόπῳ
890 4595 1036 4649 Soet.
1102 4596 1111 4661 Ι
1179 4595 1254 4651 18
1310 4586 1412 4650 οὖν
1445 4609 1509 4655 <
1549 4594 1694 4650 Socr.
1759 4598 1768 4663 Ι
1835 4596 1911 4651 16
1962 4596 2029 4651 τὸ
2068 4596 2142 4657 V,
2178 4612 2313 4649 corr.
2352 4596 2423 4649 Kl
2486 4598 2495 4664 Ι
2561 4596 2635 4651 31
2694 4592 2999 4666 ἐξακριβώ·

389 4708 548 4748 σαιτο
585 4692 664 4747 V²
697 4695 810 4764 vgl.
845 4696 1098 4765 Register
1132 4692 1569 4767 ἐξακριβάσαιτο
1607 4698 1687 4751 V*
1739 4698 1750 4765 1
1813 4696 1914 4753 τὸν
1952 4693 2259 4766 ἀληθινοῦν
2296 4698 2364 4765 V,
2400 4715 2537 4752 corr.
2574 4717 2629 4751 m
