3694 5582
1234 459 1302 515 de
1338 459 1708 514 ecclesiasssioa
1739 458 2026 529 theologia
2059 459 2138 512 III
2174 461 2254 516 10.
2294 461 2373 514 11.
2986 466 3103 529 167

479 629 805 712 λέγουσαν
864 620 1134 712 γραφὴν
1200 620 1323 712 »μὴ
1390 629 1702 711 προσθῇς
1743 640 1893 702 τοῖς
1936 617 2163 711 λόγοις
2208 618 2446 706 αὐτοῦ,
2511 620 2601 712 μή
2652 651 2825 695 ποτε
2868 626 3101 711 ἐλέγξῃ

477 747 578 808 σε,
639 727 752 793 καὶ
813 721 1064 811 ψευδὴς
1124 727 1318 810 γένῃ(
1385 728 1496 794 καὶ
1564 719 1750 792 »οὐαὶ
1812 741 1958 805 τοῖς
2016 721 2567 812 προφητεύουσιν
2627 718 2763 794 ἀπὸ
2823 729 3099 810 καρδίας

477 818 766 894 αὗτῶνι.
809 815 934 910 ὅρα
964 817 1028 891 δ’
1063 813 1188 892 οὗν
1218 813 1340 909 ὅσῃ
1361 826 1700 912 δυσσεβείᾳ
1719 827 2261 908 περιπέπτωκεν.
2306 817 2343 893 ὁ
2378 821 2503 912 γὰρ
2535 821 2663 911 τὴν
2692 827 2917 894 πᾶσαν
2946 828 3099 909 περὶ
3134 832 3167 886 6

475 927 604 994 τοῦ
645 918 1217 1011 προϋπάρχοντος
1258 927 1669 1009 μονογενοῦς
1709 925 1863 992 υἱοῦ
1904 928 2273 1012 θεολογίαν
2318 925 2425 992 ἐπὶ
2470 921 2603 1010 τὴν
2641 917 2855 1007 σάρκα
2897 950 3103 993 κατα-

403 1033 438 1087 5
474 1021 708 1105 βαλών
751 1017 983 1102 αὐτοῖς
1027 1048 1102 1092 τε
1145 1017 1432 1109 ῥήμασιν
1487 1029 1677 1109 νίκης
1717 1026 2063 1107 στέφανον
2097 1017 2312 1111 αὐτὴν
2365 1019 2813 1110 ἀναγορεύσας
2858 1013 3105 1108 (οὕτως

477 1121 664 1210 (γὰρ)
715 1124 844 1210 ἔφη

605 1224 742 1306 (Nr.
788 1225 932 1307 114)
997 1218 1122 1292 τὸν
1174 1227 1300 1292 τοῦ
1351 1226 1520 1292 θεοῦ
1565 1217 1775 1307 λόγον
1833 1218 1969 1309 τὴν
2028 1216 2483 1310 ἀνθρωπίνην
2542 1217 2755 1311 σάρκα
2816 1220 2924 1292 διὰ
2984 1224 3107 1309 τῆς

603 1316 1040 1402 ἀναστάσεως
1083 1316 1444 1392 ἀθάνατον
1485 1323 1800 1408 γενέσθαι
1859 1327 2428 1406 παρεσκευακέναι
2488 1327 2599 1390 καὶ
2662 1317 2893 1410 ὥσπερ
2946 1319 3105 1392 τινὰ

610 1425 796 1507 νίκης
839 1427 1184 1507 στέφανον
1225 1415 1736 1508 ἀναδησάμενον
1777 1421 1856 1488 ἐν
1898 1424 2078 1511 δεξιᾷ
2124 1425 2253 1492 τοῦ
2295 1418 2558 1508 πατρὸς
2601 1427 3033 1506 καθέζεσθαι)

375 1527 446 1582 10
481 1510 685 1600 οὗτος
739 1514 946 1600 αὐτός
995 1523 1106 1592 86*
1163 1541 1370 1607 φησιν
1429 1513 1650 1608 αὐτὴν
1711 1519 1963 1607 ἔρημον
2022 1519 2291 1590 ἔσεσθαι
2355 1525 2467 1589 καὶ
2526 1514 2840 1610 ὀρφανὴν
2881 1523 2958 1590 ἐν
3003 1526 3103 1608 τῷ

481 1623 610 1689 τοῦ
652 1617 915 1700 παντὸς
961 1623 1158 1702 τέλει,
1205 1619 1384 1688 ἑνῶν
1426 1623 1549 1703 μὲν
1591 1615 1718 1690 τὸν
1763 1613 1973 1706 λόγον
2015 1623 2119 1708 τῷ
2162 1625 2307 1709 θεῷ
2365 1618 2499 1709 τὴν
2540 1624 2611 1690 δὲ
2654 1615 2867 1708 σάρκα
2909 1625 3106 1707 χωρί-

478 1727 620 1802 ζων
667 1722 790 1806 τῆς
831 1719 961 1788 τοῦ
1002 1715 1216 1805 λόγου
1258 1721 1590 1805 ἐνεργείας
1649 1724 1760 1790 καὶ
1818 1717 2230 1791 καταλιπων
2274 1715 2492 1809 αὐτὴν
2547 1715 2671 1791 οῦκ
2730 1715 2863 1792 οἶδ’
2911 1713 3103 1800 ὅπως

477 1810 836 1888 ἀθάνατον
879 1821 1001 1905 μὲν
1042 1824 1155 1888 καὶ
1207 1814 1580 1905 ἄφθαρτον
1631 1815 1902 1905 ἄψυχον
1963 1822 2033 1887 δὲ
2091 1825 2203 1888 καὶ
2262 1815 2718 1909 ἀνενέργητον
2776 1815 2913 1890 ὑπὸ
2973 1823 3101 1890 τοῦ

476 1913 704 2005 λόγου.
788 1923 900 1986 καὶ
943 1923 1161 1988 ταῦτα
1207 1921 1276 1987 δὲ
1317 1913 1528 1988 πάλιν
1571 1920 1646 1986 ἐκ
1689 1923 1836 1986 τῶν
1880 1924 2097 1989 θείων
2141 1915 2723 2009 ἀναγνωσμάτων,
2777 1915 2821 1989 ἃ
2862 1917 2951 2008 μὴ
2998 1946 3099 1989 νε·
3134 1933 3163 1983 7

369 2027 440 2082 15
475 2012 742 2104 νόηκεν,
788 2023 1112 2087 συνιστᾶν
1153 2023 1485 2104 πειρᾶται.
1571 2021 1696 2086 τοῦ
1748 2015 1877 2105 γάρ
1930 2023 2236 2107 σωτῆρος
2296 2014 2493 2108 ἡμῶν
2551 2015 2725 2107 πρὸς
2786 2017 2950 2099 τοὺς
3008 2017 3099 2106 μὴ

476 2121 830 2198 συνιέντας
873 2113 996 2197 τὰς
1039 2123 1194 2203 περὶ
1247 2121 1370 2204 τῆς
1423 2114 1668 2204 σαρκὸς
1727 2122 1838 2188 καὶ
1902 2123 2029 2190 τοῦ
2088 2121 2371 2206 αἳματος
2415 2114 2631 2189 αὐτοῦ
2673 2122 3100 2208 διδασκαλίας

477 2211 830 2304 εἰρηκότος
889 2203 1136 2286 »Toeto
1179 2211 1350 2305 ὑμᾶς
1393 2218 1846 2302 σκανδαλίζει,·
1906 2216 2024 2287 ἐὰν
2084 2209 2209 2288 οὖν
2251 2223 2563 2308 θεωρῆτε
2606 2215 2735 2288 τὸν
2776 2215 2931 2288 υἱὸν
2974 2223 3101 2287 τοῦ

477 2311 859 2401 ἀνθρώπου
901 2311 1360 2401 ἀναβαίνοντα
1405 2308 1582 2387 ὅπου
1623 2306 1710 2403 ἦν
1753 2314 1836 2386 τὸ
1880 2313 2251 2404 πρότερον,·
2309 2315 2393 2388 τὸ
2454 2312 2717 2405 πνεῦμά
2770 2320 2955 2386 ἐστιν
3015 2313 3098 2384 τὸ

477 2421 880 2502 ζωοποιοῦν,
928 2411 968 2504 ἦ
1014 2412 1178 2503 σὰρξ
1219 2411 1344 2486 οῦκ
1399 2411 1658 2501 ω’φελετ
1705 2411 1929 2486 οὐδέν·
2002 2414 2089 2486 τὰ
2140 2413 2409 2505 ῥήματα
2467 2412 2510 2486 ἃ
2570 2417 2703 2504 ἐγὼ
2759 2412 3097 2504 λελάληκα

367 2525 440 2582 20
475 2511 635 2603 ὑμῖν
676 2511 942 2603 πνεῦμά
984 2519 1168 2585 ἐστιν
1211 2521 1322 2583 καὶ
1367 2510 1507 2600 ζωή
1551 2517 1796 2598 ἐστινι,
3168 2575 3197 2596 Π

641 2619 724 2686 11
769 2609 891 2684 οῦκ
933 2611 1296 2702 ἐπιστήσας
1339 2620 1423 2700 τῇ
1463 2619 1728 2704 διανοίᾳ
1771 2619 1899 2685 τοῦ
1944 2609 2151 2702 λόγου
2186 2609 2521 2700 ὑπέλαβεν
2565 2610 2779 2687 αὐτὸν
2820 2610 3095 2688 ἀθετεῖν
3130 2602 3341 2722 νζῖζὲῗς
3356 2587 3463 2723 ’ζξν

475 2711 610 2803 τὴν
653 2710 864 2801 σάρκα
929 2718 938 2802 Ι
1005 2711 1090 2804 ἣν
1135 2709 1498 2803 ἀνείληφεν
1559 2716 1632 2783 ἐκ
1684 2718 1807 2803 τῆς
1851 2708 2041 2803 ἇγίας
2083 2721 2454 2804 παρθένου.
2540 2711 2659 2785 εἶτ’
2722 2717 2797 2785 ἐκ
2840 2712 3095 2786 τούτου
3134 2720 3251 2776 179
3297 2719 3459 2793 εὐαγ-

473 2820 788 2901 πειρᾶται
827 2810 1344 2899 κατασκευάζειν
1387 2810 1485 2896 ὦς
1526 2813 1695 2903 μετὰ
1738 2814 1869 2905 τὴν
1913 2820 2309 2886 συντέλειαν
2371 2820 2497 2885 τοῦ
2535 2816 2799 2898 παντὸς
2844 2818 3095 2905 ἔρημον
3186 2791 3410 2926 ᾞζῗῗζν

472 2919 597 3001 ’τῆς
657 2913 903 2985 ἑαυτοῦ
963 2917 1297 3003 ἐνεργείας
1357 2908 1394 2988 ὁ
1459 2918 1534 2985 ἐν
1595 2919 1698 3003 τῷ
1761 2921 1909 3004 θεῷ
1972 2912 2175 3003 λόγος
2234 2921 2627 3002 καταλείψει
2679 2914 2811 3004 τὴν
2865 2913 3092 3005 σάρκα.
3151 2927 3443 3007 ‹ratamqu-

367 3028 438 3085 25
473 3019 653 3102 λέγει
696 3019 862 3102 γοῦν
906 3010 1141 3096 αὐτοῖς
1183 3010 1470 3102 ῥήμασιν
3125 2987 3459 3129 τξῗνσέφέα

599 3116 738 3199 (Nr.
787 3120 928 3199 104)
989 3119 1140 3199 περὶ
1200 3112 1325 3201 γὰρ
1386 3118 1510 3201 τῆς
1569 3110 1843 3203 σαρκός,
1906 3110 1993 3201 ἣν
2039 3118 2213 3202 ἔχων
2258 3110 2495 3203 ὦμίλει
2540 3131 2685 3195 τοῖς
2728 3124 3088 3203 μαθηταῖς,
3124 3136 3226 3183 τοῦ
3284 3082 3457 3197 craft&-

597 3206 786 3283 οὕτω
831 3220 1007 3301 λέγει
1055 3218 1302 3283 »τοῦτο
1344 3208 1512 3296 ὑμᾶς
1557 3218 2009 3311 σκανδαλίζει;
2052 3214 2171 3285 ἐὰν
2212 3207 2339 3286 οῦν
2382 3218 2569 3302 ἰ’δητε
2612 3210 2740 3283 τὸν
2780 3210 2933 3283 υἱὸν
2962 3220 3091 3286 τοῦ
3174 3199 3457 3322 ξ’ἒξνξῗὶε-

597 3307 980 3401 ἀνθρώπου
1023 3307 1318 3383 ἀπιόντα
1363 3306 1542 3383 ὅπου
1585 3312 1670 3400 ην
1716 3310 1798 3382 τὸ
1850 3309 2225 3402 πρότερον,·
2277 3312 2361 3385 τὸ
2418 3317 2683 3400 πνεῦμα
2744 3321 3086 3398 ζωοποιεῖ,
3124 3283 3407 3388 maetam

597 3405 640 3499 ἦ
683 3409 850 3499 σὰρξ
891 3407 1091 3483 οὐδὲν
1137 3408 1448 3497 ὥφελετι.
1521 3416 1579 3481 εἰ
1622 3402 1746 3485 οῦν
1791 3405 2114 3500 ὁμολογεῖ
2152 3411 2283 3502 τὴν
2312 3406 2522 3501 σάρκα
2551 3415 2760 3501 μηδὲν
2791 3408 3089 3498 ω’φελετν

361 3528 436 3583 30
593 3506 836 3595 αὐτόν,
895 3518 1050 3593 πῶς
1091 3514 1370 3601 ἐγχωρεῖ
1409 3512 1538 3600 τὴν
1583 3514 1656 3581 ἐκ
1710 3516 1830 3601 γῆς
1872 3538 1949 3581 τε
1992 3502 2202 3583 οὖσαν
2244 3520 2357 3584 καὶ
2414 3516 2623 3601 μηδὲν
2684 3508 3089 3598 ὠφελοῦσαν

593 3614 706 3679 καὶ
749 3614 824 3681 ἐν
867 3628 1016 3691 τοῖς
1065 3614 1428 3698 μέλλουσιν
1473 3613 1712 3683 αἰῶσιν
1771 3607 1937 3699 (οἷς)
1999 3606 2188 3700 αὐτῷ
2252 3615 2735 3683 λυσιτελοῦσαν
2795 3628 3088 3681 συνεῖναι

595 3716 698 3800 τῷ
746 3705 962 3799 λόγῳ

471 3803 636 3899 ὁρᾷς
681 3802 804 3898 ὅσῃ
847 3814 1164 3899 κέχρηται
1208 3814 1334 3880 τοῦ
1377 3806 1808 3899 εὐαγγελικοῦ
1852 3806 2061 3897 λόγου
2104 3814 2483 3899 διαστροφῇ
2528 3808 2636 3881 διὰ
2681 3808 2764 3881 τὸ
2806 3808 2896 3898 μὴ
2941 3833 3088 3881 συν-

469 3915 645 3979 ιέναι
687 3914 814 3981 τοῦ
858 3905 1070 3997 λόγου
1113 3908 1242 3997 τὴν
1303 3908 1650 3999 σωτήριον
1696 3908 1968 3999 φωνήν,
2032 3906 2224 3991 ὅπως
2267 3912 2529 3997 εἴρηται
2572 3917 2683 3979 καὶ
2728 3906 2835 3979 διὰ
2882 3918 3091 3981 ποίαν

359 4024 436 4080 35
469 4010 710 4079 αἰτίαν.

642 4230 675 4285 1
713 4229 878 4285 Prov.
913 4230 996 4296 24,
1032 4229 1098 4285 29
1135 4230 1237 4298 (30,
1259 4230 1310 4300 6)
1348 4259 1414 4267 —
1452 4229 1487 4284 2
1525 4228 1618 4284 Ez.
1642 4232 1720 4293 13,
1742 4232 1774 4285 3
1815 4260 1877 4269 —
1914 4229 2057 4285 1011
2086 4230 2308 4300 vgl.N1-.
2330 4230 2514 4285 108—
2544 4231 2617 4286 17
2658 4228 2781 4283 Joh.
2817 4230 2865 4297 6,
2886 4230 3087 4285 (ει-63

465 4360 534 4369 -
568 4329 639 4385 27
683 4329 808 4384 soh.
845 4331 892 4397 6,
928 4332 1131 4387 61-63

639 4532 678 4588 6
722 4528 836 4603 γὰρ
881 4531 972 4585 fib.
1009 4530 1062 4585 d.
1099 4532 1152 4585 Z.
1190 4533 1269 4586 V²
1331 4536 1341 4604 Ι
1404 4532 1444 4588 9
1487 4533 1648 4602 νίκην
1683 4532 1793 4601 V*,
1847 4550 1987 4588 corr.
2025 4533 2103 4585 V²
2164 4534 2175 4600 1
2238 4533 2312 4589 21
2368 4532 2489 4587 hier
2542 4549 2589 4586 a.
2625 4530 2689 4585 R.
2726 4526 2761 4587 ι’
2798 4531 2847 4585 V
2912 4533 2922 4599 Ι
2984 4530 3086 4586 τὸν

466 4631 684 4703 λόγονῖ
721 4632 814 4689 Mo
861 4636 870 4701 1
935 4633 1010 4689 81
1051 4626 1132 4699 ὥς
1167 4634 1292 4688 and.
1330 4634 1406 4691 St.
1455 4637 1463 4701 Ι
1513 4634 1591 4690 84
1627 4638 1708 4689 τῶ
1744 4635 1899 4705 λόγω
1938 4635 2033 4701 V*,
2072 4651 2205 4689 corr.
2236 4634 2315 4685 V²
