3694 5582
633 484 714 548 90
1809 475 2077 533 Eusebius

642 635 769 712 »δι’
817 631 898 714 οῦ
941 637 1025 711 τὰ
1069 636 1334 712 πάντα(
1386 644 1672 729 ἐγένετο,
1717 637 1800 712 ού
1842 636 2053 728 λόγον
2097 633 2478 728 ὀνομάζων,
2524 636 2701 712 ἀλλὰ
2734 637 2973 759 κύριον
3000 635 3255 727 Ἰησουν

633 747 746 811 καὶ
793 737 1110 827 Χριστόν.
1193 735 1343 812 άλλ
1389 746 1446 810 εἰ
1487 739 1666 811 κατὰ
1709 735 2121 827 Μάρκελλον
2176 737 2270 821 εἷς
2330 746 2441 808 καὶ
2502 734 2541 810 6
2602 735 2809 822 αὐτὸς
2870 741 2955 827 ἡν
3008 733 3045 810 6
3090 735 3253 818 θεὸς

635 846 746 909 καὶ
791 834 829 910 6
873 843 948 910 ἐν
991 836 1180 928 αύτῷ
1197 835 1450 962 τλόγος,
1513 836 1798 930 άπήρκει
1860 846 1961 927 τῷ
2018 835 2387 928 άποστόλῳ
2404 836 2655 961 εφάναι
2712 834 2906 928 »ἡμῖν
2948 836 3045 922 είς
3088 836 3252 919 θεὸς

638 934 676 1009 6
721 936 969 1029 πατήρ,
1031 943 1102 1025 ἐξ
1144 931 1226 1009 οὗ
1269 938 1356 1010 τὰ
1399 935 1688 1010 πάνται.
1772 936 2040 1029 πλήρης
2084 939 2209 1028 γὰρ
2252 931 2339 1027 ἦν
2384 935 2424 1028 ἦ
2466 935 2735 1011 διάνοια
2794 943 2907 1008 καὶ
2964 932 3004 1009 6
3048 934 3252 1026 λόγος
3286 958 3357 1012 55

571 1053 605 1106 5
640 1033 1014 1128 αὐτοτελὴς
1079 1037 1209 1110 τὸν
1259 1035 1433 1110 θεὸν
1485 1037 1957 1128 εἰσηγούμενος
1998 1037 2297 1127 ποιητὴν
2342 1045 2491 1108 τῶν
2535 1031 2737 1109 ὅλων.
2820 1034 2995 1109 ἀλλὰ
3039 1042 3251 1107 τοῦτο

637 1144 747 1210 καὶ
791 1133 1184 1219 ’scudulas-³*
1145 1167 1232 1208 αν
1277 1143 1474 1210 εἴποι.
1559 1133 1597 1209 6
1641 1144 1714 1209 δὲ
1757 1144 1882 1227 τῆς
1924 1144 2277 1227 ἐκκλησίας
2319 1143 2528 1257 κηρυξ
2569 1137 2744 1226 πρὸς
2786 1141 2889 1225 τῷ
2930 1141 3253 1224 προτέρῳ

635 1243 746 1309 καὶ
791 1237 874 1308 τὸ
919 1233 1235 1324 δεύτερον
1277 1238 1368 1328 μὴ
1412 1235 1682 1327 άγνοεῑν
1727 1235 2047 1310 διδάσκει·
2134 1243 2201 1307 τί
2254 1243 2325 1308 δὲ
2370 1239 2453 1325 ἡν
2492 1243 2742 1322 τοῦτο,·
2808 1243 2952 1308 »καὶ
3004 1235 3101 1318 εἷς
3142 1233 3253 1306 κύ·
3286 1249 3357 1304 56

639 1365 782 1426 ριος
840 1333 1084 1426 Ἰησοῦς
1149 1333 1502 1426 Χριστόςι.
1605 1336 1710 1408 διὸ
1771 1345 2229 1426 προστίθησιν
2288 1333 2372 1407 τὸ
2436 1335 2758 1425 δεύτερον
2824 1337 2974 1425 ἑξῆς
3036 1341 3255 1424 λέγων

643 1432 838 1525 »ἡμῖν
900 1441 982 1522 (εἰ
1043 1434 1168 1526 γὰρ
1229 1443 1340 1507 καὶ
1391 1435 1482 1526 μὴ
1544 1443 1779 1521 πᾶσιν,
1843 1433 1992 1508 ἀλλ’
2054 1433 2242 1526 ἡμῖν,
2306 1443 2535 1525 φησίν)
2598 1437 2691 1518 εἷς
2742 1433 2974 1544 κύριος
3013 1429 3257 1523 Ἰησοῦς

416 1529 424 1538 ’
534 1547 602 1601 10
639 1532 991 1624 Χριστόςι.
1051 1535 1162 1608 διὰ
1209 1543 1276 1607 τί
1319 1542 1390 1607 δὲ
1433 1536 1599 1626 μετὰ
1646 1536 1774 1609 τὸν
1821 1539 1940 1608 ἕνα
1983 1534 2155 1608 θεὸν
2180 1544 2293 1607 καὶ
2336 1527 2541 1618 οὗτος
2591 1531 2784 1625 »ἡμῖν
2828 1545 2923 1618 είς
2964 1533 3255 1622 κύριοςε,

637 1642 1042 1729 παρίστησιν
1084 1639 1422 1724 ἐπιλέγων
1480 1633 1608 1707 »δι’
1655 1628 1736 1708 οῦ
1781 1635 1867 1708 τὰ
1911 1633 2207 1707 πάνται·
2262 1633 2491 1724 ἐπειδὴ
2538 1632 2661 1723 γὰρ
2707 1634 2793 1706 τὰ
2853 1631 3117 1706 »πάντα
3162 1630 3254 1705 δι’

640 1731 853 1806 αὐτοῦ
895 1739 1236 1824 ἐγένετοι,
1293 1732 1584 1820 εἰκότως
1635 1732 1796 1826 ἡμῖν
1850 1755 1993 1819 τοῖς
2048 1731 2236 1806 τοῦτ’
2290 1739 2759 1822 ἐπισταμένοις
2812 1732 3043 1822 κύριος
3084 1735 3258 1805 εἶναι

639 1840 789 1906 τῶν
843 1827 1030 1905 ὅλων
1071 1833 1238 1924 μετὰ
1289 1835 1418 1907 τὸν
1461 1839 1570 1906 ἐπὶ
1613 1833 1905 1906 πάντων
1950 1834 2122 1906 θεὸν
2164 1842 2621 1906 πεπίστευται.
2706 1827 2819 1904 ὅτι
2862 1839 2934 1904 δὲ
2978 1830 3063 1905 ού
3103 1839 3256 1918 περὶ
3290 1847 3361 1902 57

639 1939 762 2024 τῆς
805 1931 1054 2020 σαρκὸς
1095 1930 1286 2006 ταῦτ’
1333 1937 1578 2025 ἔλεγεν,
1623 1931 1800 2006 άλλά
1841 1942 1997 2024 περὶ
2042 1941 2169 2006 τοῦ
2210 1941 2380 2006 θεοῦ
2423 1931 2661 2022 λόγου,
2708 1929 2913 2022 δῆλός
2956 1937 3141 2004 ἐστιν
3184 1939 3259 2003 ἐκ

537 2043 604 2098 15
643 2039 768 2105 τοῦ
810 2037 1153 2122 ἐπιφέρειν
1221 2031 1346 2105 »δι’
1401 2027 1483 2108 οῦ
1537 2032 1624 2104 τὰ
1667 2032 1955 2105 πάνται.
2047 2031 2275 2124 »ἧμτνι
2341 2031 2467 2120 γάρ
2530 2057 2735 2122 φησιν
2802 2030 2935 2115 »εἷς
2995 2031 3159 2114 θεὸς
3220 2026 3259 2103 6

639 2129 900 2222 πατήρ,
956 2137 1050 2251 ἐξι
1072 2125 1154 2204 οὗ
1195 2135 1284 2206 τὰ
1325 2130 1582 2221 πάντα,
1643 2142 1753 2206 καὶ
1809 2133 1905 2218 εἷς
1954 2133 2185 2224 κύριος
2228 2129 2472 2222 Ἰησοῦς
2518 2131 2840 2222 Χριστός,
2900 2128 2993 2201 δι’
3048 2125 3129 2204 οῦ
3172 2130 3261 2202 τὰ

639 2227 928 2304 πάνται.
1013 2226 1052 2302 ο“
1069 2231 1178 2355 δη
1221 2241 1334 2304 καὶ
1384 2243 1540 2324 περὶ
1595 2241 1722 2305 τοῦ
1775 2233 2014 2322 φωτὸς
2073 2242 2185 2304 καὶ
2246 2239 2400 2320 περὶ
2459 2237 2585 2304 τοῦ
2642 2229 2991 2320 προόντος
3050 2231 3261 2320 λόγου

643 2335 916 2420 εἴρηται.
1003 2327 1210 2414 αύτὸς
1255 2326 1379 2405 οῦν
1423 2337 1508 2422 ἡν
1550 2341 1661 2408 59³
1701 2329 1948 2423 >Ιησοῦς
1994 2332 2289 2423 Χριστὸς
2332 2330 2415 2404 τὸ
2462 2360 2613 2418 φως
2641 2325 2823 2402 καὶς
2783 2362 2822 2403 ο
2854 2330 3077 2419 λόγος,
3129 2327 3258 2401 »δι’

642 2423 724 2503 οῦ
767 2430 854 2502 τὰ
896 2428 1162 2503 πάντα(
1213 2437 1507 2522 γέγονεν,
1555 2429 1704 2504 ἀλλ’
1749 2428 1873 2520 ούχ
1914 2428 1955 2520 ἦ
1988 2430 2169 2519 σάρξ.
2242 2427 2326 2503 ού
2370 2429 2493 2521 γὰρ
2538 2429 2623 2501 ἀν
2652 2437 2803 2518 περὶ
2848 2436 2972 2518 τῆς
3014 2429 3260 2517 σαρκὸς

537 2541 606 2596 20
643 2525 1130 2621 άσυναρτήτως
1173 2524 1398 2614 οὕτως
1441 2527 1712 2603 εἶπεν”
1675 2560 1757 2601 αν
1800 2529 1884 2601 τὸ
1934 2528 2062 2603 »δι’
2108 2523 2189 2602 οῦ
2236 2531 2321 2603 τὰ
2364 2528 2653 2601 πάνται.

807 2627 867 2700 ι’.
928 2629 1112 2700 οἶδεν
1174 2635 1244 2702 δὲ
1307 2631 1434 2703 τὸν
1478 2637 1599 2718 τῆς
1642 2628 1889 2717 σαρκὸς
1930 2628 2464 2753 προϋπάρχοντα
2510 2636 2637 2702 τοῦ
2679 2636 2852 2702 θεοῦ
2894 2628 3048 2702 υἱὸν
3096 2637 3363 2720 Χρι·58

641 2725 808 2801 στὸν
853 2723 1210 2818 ὀνομάζειν
1253 2725 1292 2802 6
1338 2727 1544 2813 αὐτὸς
1587 2736 1885 2815 Παῦλος,
1946 2730 2123 2802 κατὰ
2167 2729 2249 2801 τὸ
2294 2727 2463 2803 αὐτὸ
2507 2737 2769 2817 πέτραν
2822 2727 3038 2801 αὐτὸν
3092 2725 3255 2801 άπο-

639 2837 904 2914 καλῶν,
968 2826 1058 2900 δι’
1123 2822 1226 2900 ὦν
1295 2826 1538 2921 γράφει
1607 2837 1759 2918 περὶ
1831 2837 1979 2903 τῶν
2040 2835 2116 2901 ἐν
2178 2837 2262 2918 τῇ
2322 2828 2549 2921 ἐρήμῳ
2610 2828 3256 2920 συνδιατριψάντων

641 2936 894 3013 Μωσεῑ,
939 2934 1161 3017 λέγων
1210 2934 1483 3001 »ἔπινον
1526 2928 1652 3020 γὰρ
1695 2934 1770 3001 ἐκ
1811 2934 2269 3018 πνευματικῆς
2322 2925 2834 3019 ἀκολουθούσης
2886 2935 3167 3020 πέτρας,
3214 2926 3255 3019 ἦ

535 3040 604 3095 25
639 3034 712 3099 δὲ
764 3034 984 3115 πέτρα
1033 3021 1120 3119 ἦν
1183 3025 1220 3101 6
1265 3026 1626 3117 Χριστόςι,
1687 3037 1798 3100 καὶ
1859 3034 2410 3119 ἐπισφραγίζεται
2472 3029 2553 3101 τὸ
2615 3026 2783 3099 αὐτὸ
2844 3027 2995 3118 μεθ’
3060 3030 3255 3117 ἕτερα

641 3125 928 3215 φάσκων
1003 3136 1201 3219 »μηδὲ
1261 3126 1765 3217 ἐκπειράζωμεν
1825 3128 1953 3200 τὸν
2008 3136 2017 3218 1
2074 3127 2405 3217 Χριστόν,
2474 3129 2715 3211 καθώς
2777 3156 2959 3212 τινες
3018 3126 3255 3201 αὐτῶν
3288 3141 3372 3197 94

637 3231 1000 3316 ἐπείρασαν
1059 3236 1173 3299 καὶ
1223 3224 1358 3299 ὑπὸ
1411 3236 1562 3300 τῶν
1603 3224 1839 3316 ὀφέων
1882 3223 2315 3301 ἀπώλοντοι.
2400 3236 2513 3299 καὶ
2574 3232 2676 3298 ἔτι
2734 3236 3001 3317 μᾶλλον
3062 3224 3250 3300 τοῦτ’
3288 3244 3359 3299 59

637 3322 808 3399 αύτὸ
852 3335 1110 3413 βεβαιοῖ
1149 3334 1374 3417 λέγων
1423 3335 1683 3399 »πίστει
1724 3334 1982 3417 Μωσῆς
2022 3335 2225 3417 μέγας
2268 3324 2631 3416 γενόμενος
2684 3324 3027 3418 ἠρνήσατο
3075 3334 3251 3417 λέγε-

639 3436 801 3497 σθαι
841 3426 988 3510 υἱὸς
1030 3426 1376 3517 θυγατρὸς
1409 3425 1680 3515 Φαραώ,
1723 3434 2003 3514 μείζονα
2048 3433 2359 3499 πλοῦτον
2406 3424 2827 3516 ἡγησάμενος
2874 3434 3023 3499 τῶν
3054 3427 3255 3516 Αἰγύ-

531 3537 602 3593 30
635 3554 818 3599 πτου
869 3534 1240 3617 θησαυρῶν
1282 3524 1412 3598 τὸν
1473 3522 1858 3617 ὀνειδισμὸν
1921 3534 2048 3599 τοῦ
2093 3532 2450 3616 Χριστοῦι.
2538 3532 2993 3615 ἐναργέστατα
3037 3533 3109 3599 δὲ
3154 3530 3255 3598 ἔτι

635 3631 904 3714 μᾶλλον
949 3632 1159 3699 τοῦτο
1207 3635 1596 3717 συνίστησιν
1639 3632 1713 3698 ἐν
1758 3628 1861 3710 οἷς
1915 3624 2158 3714 φάσκει
2226 3632 2473 3698 »τοῦτο
2530 3634 2925 3713 φρονείσθω
2982 3631 3057 3697 ἐν
3100 3623 3256 3713 ύμῖν

638 3718 675 3796 ὃ
719 3732 832 3797 καὶ
876 3732 951 3797 ἐν
997 3732 1276 3816 Χριστῷ
1321 3722 1554 3815 Ἰησοῦ,
1619 3720 1694 3809 ὃς
1753 3732 1828 3797 ἐν
1872 3733 2105 3815 μορφῇ
2148 3730 2321 3797 θεοῦ
2362 3722 2689 3813 ὑπάρχων
2734 3721 2855 3815 ούχ
2899 3722 3255 3815 ἁρπαγμὸν

639 3820 940 3914 ἡγήσατο
999 3823 1081 3896 τὸ
1145 3826 1313 3896 εἶναι
1372 3829 1480 3895 ἰ’σα
1542 3833 1706 3915 θεῷ,
1770 3821 1920 3897 ἄλλ’
1983 3822 2229 3896 εαυτὸν
2290 3830 2621 3897 ἐκένωσεν
2671 3824 2948 3915 μορφὴν
3001 3824 3253 3898 δούλου

637 3924 891 4008 λαβών,
936 3932 1048 3997 καὶ
1091 3921 1376 4013 σχήματι
1429 3920 1723 4012 ευρεθεὶς
1779 3954 1876 4008 ως
1930 3924 2365 4013 ἄνθρωπος(
2452 3930 2738 4025 συνορᾷς
2793 3953 2903 3995 οτι
2946 3924 3081 4011 πρὸ
3126 3932 3252 3997 τοῦ
3288 3938 3359 3995 60

530 4034 599 4087 35
635 4030 928 4094 κενῶσαι
999 4022 1248 4094 ἑαυτὸν
1317 4031 1431 4095 καὶ
1507 4024 1816 4114 »μορφὴν
1887 4023 2173 4097 δούλουι
2250 4032 2478 4107 λαβεῖν
2538 4026 2624 4112 ἠν
2683 4031 2793 4094 καὶ
2854 4030 3081 4115 προῆν
3140 4032 3253 4096 καὶ

809 4191 1124 4247 lffIKor.
1161 4194 1211 4259 8,
1249 4195 1370 4248 6-
1397 4193 2027 4263 2tvg1.Nr.62—7
2072 4194 2260 4249 IKor.
2296 4194 2347 4257 8,
2382 4198 2415 4249 6
2459 4190 2880 4250 —9ff1K0r.
2915 4194 2964 4257 8,
3000 4196 3245 4251 6-11

636 4290 760 4348 Joh.
798 4297 845 4360 1,
880 4296 913 4349 3
948 4322 1014 4331 --
1064 4294 1138 4349 15
1175 4295 1201 4348 1
1236 4294 1363 4349 Kor.
1399 4296 1446 4353 8,
1483 4298 1516 4352 6
1551 4326 1618 4335 ——-
1656 4296 1853 4355 1811‘1
1892 4296 2019 4351 Kor.
2056 4298 2104 4363 8,
2142 4298 2174 4351 6
2209 4324 2275 4334 -
2314 4295 2392 4350 24
2430 4296 2455 4348 I
2492 4296 2618 4349 Kor.
2659 4298 2738 4361 10,
2774 4300 2807 4349 4
2850 4326 2918 4337 —
2953 4296 3029 4352 26
3062 4295 3088 4348 1
3124 4296 3251 4351 Kor.

640 4396 719 4459 10,
755 4394 788 4449 9
823 4423 890 4433 ——
929 4395 1006 4451 28
1042 4394 1208 4451 Hebr.
1247 4399 1327 4465 11,
1365 4398 1446 4452 24.
1484 4398 1550 4452 26
1586 4429 1651 4436 —
1689 4398 1764 4453 31
1803 4397 1950 4451 Phil.
1985 4398 2033 4461 2,
2069 4400 2203 4453 5--7
2239 4428 2305 4436 —
2343 4396 2423 4453 85
2458 4396 2601 4453 Phil.
2640 4398 2687 4462 2,
2726 4398 2755 4450 7

807 4547 844 4603 6
881 4538 1170 4611 Ἰουδαίοις
1205 4546 1306 4611 V*,
1343 4565 1478 4603 corr.
1515 4548 1616 4612 V²;
1651 4542 1916 4613 Ἰουδαῖός
1948 4548 2072 4614 τιςῖ
2109 4546 2215 4602 We
2269 4548 2279 4613 Ι
2352 4548 2432 4604 of
2480 4548 2610 4617 ἡμῖν
2646 4558 2712 4606 <
2746 4548 2841 4601 ΝΤ
2875 4564 2926 4601 u.
2965 4548 3014 4601 S.
3050 4548 3135 4613 89,
3170 4548 3253 4602 33.

637 4648 689 4701 S.
725 4648 808 4711 90,
845 4650 938 4711 15;
975 4648 1118 4703 doch
1151 4650 1265 4717 vgl.
1305 4648 1356 4703 S.
1393 4651 1476 4715 92,
1514 4652 1579 4704 14
1644 4650 1652 4718 Ι
1720 4651 1789 4705 17
1833 4650 2135 4720 περιόντος
2153 4649 2218 4715 V,
2256 4667 2393 4705 corr.
2413 4650 2505 4705 Mo
