3694 5582
671 524 792 587 134
1847 513 2115 569 Eusebius

667 683 849 751 εἴποι
892 677 1055 760 τοὺς
1095 682 1539 766 κρατοῦντας,
1583 672 1730 749 ἀλλ’
1779 677 1899 748 ἕνα
1938 674 2066 746 τὸν
2108 683 2221 748 καὶ
2264 675 2373 748 διὰ
2417 681 2540 766 τῆς
2583 671 2845 758 εἰκόνος
2884 674 3289 763 τιμώμενον,

667 778 847 850 κατὰ
897 777 1026 849 τὸν
1079 775 1290 849 αὐτὸν
1342 774 1607 862 τρόπον
1667 773 1788 862 (οὖς
1837 783 1953 847 καὶ
1994 773 2327 859 πολλάκις
2370 771 2528 866 ἡμῖν
2570 779 2853 866 εἴρηται)
2912 782 3027 845 καὶ
3084 769 3127 862 ἦ
3188 777 3289 844 ἐκ·

665 886 906 967 κλησία
951 883 1076 950 τοῦ
1119 883 1290 948 θεοῦ
1335 877 1450 947 ἕνα
1493 881 1998 966 παραιλαβοῦσα
2055 875 2228 948 θεὸν
2288 883 2505 962 σέβειν
2566 875 2692 947 τὸν
2752 873 2967 947 αὐτὸν
3018 881 3133 945 καὶ
3176 871 3285 944 διὰ
3333 881 3451 937 142

667 983 796 1049 τοῦ
835 981 1012 1061 υἱοῦ,
1057 974 1154 1059 ὥς
1199 975 1306 1048 διὰ
1351 972 1637 1062 εἰκόνος,
1677 983 1864 1065 μένει
1914 983 2405 1063 προσκυνοῦσα.
2490 972 2535 1045 ἃ
2580 974 2661 1065 δὴ
2704 974 2794 1065 μὴ
2838 979 3058 1056 συνεὶς
3102 968 3287 1060 Μάρ-
3318 987 3355 1038 4

599 1099 632 1152 5
665 1087 907 1160 κελλος
949 1075 1080 1164 τὴν
1123 1072 1353 1147 εἰκόνα
1401 1081 1580 1197 »τοῦε
1607 1082 1778 1147 θεοῦ
1819 1082 1950 1147 τοῦ
1980 1072 2318 1165 ἀοράτου(
2356 1073 2485 1165 τὴν
2515 1072 2731 1164 σάρκα
2772 1076 2947 1146 εἶναι
2990 1079 3117 1145 τοῦ
3158 1096 3289 1144 σω-

667 1183 875 1267 τῆρος
917 1172 1352 1265 ἀπεφήνατο,
1413 1172 1500 1266 ἢν
1541 1169 1580 1246 6
1626 1172 2013 1257 ἀπόστολος
2079 1171 2389 1264 »μορφὴν
2432 1173 2715 1247 δούλουι
2785 1180 3135 1264 κέκληκεν·
3206 1167 3289 1242 06

666 1273 1106 1366 λογισάμενος
1151 1268 1261 1346 ότι
1301 1281 1414 1346 καὶ
1456 1272 1712 1358 πάντες
1743 1272 2115 1363 ἄνθρωποι
2160 1272 2337 1344 κατὰ
2383 1272 2511 1364 τὴν
2556 1271 2769 1362 σάρκα
2812 1280 2940 1345 τοῦ
2982 1277 3288 1362 σωτῆρος

669 1373 1112 1464 τυγχάνουσιν
1155 1379 1692 1464 μεμορφωμένοι.
1774 1381 1889 1446 καὶ
1942 1371 2024 1444 τὸ
2067 1380 2191 1463 μὲν
2232 1381 2427 1462 σῶμα
2481 1365 2520 1443 ὃ
2562 1369 2931 1461 ἀνείληφεν
2973 1367 3013 1444 6
3058 1369 3289 1459 σωτὴρ

669 1481 793 1564 τῆς
837 1469 1173 1563 ἀγενήτου
1216 1482 1327 1546 καὶ
1370 1469 1671 1565 ἀρρήτου
1711 1481 1825 1544 καὶ
1854 1481 2189 1563 πατρικῆς
2220 1470 2573 1596 θεότητος
2588 1468 2819 1543 εἰκόνα
2846 1474 3021 1543 εἶναι
3050 1479 3287 1559 διισχυ-

565 1596 634 1650 10
667 1584 938 1664 ρίζεται,
983 1573 1112 1646 τὸν
1154 1581 1227 1645 δὲ
1269 1573 1418 1646 υἱὸν
1462 1579 1591 1645 τοῦ
1633 1579 1801 1644 θεοῦ
1835 1572 1967 1644 τὸν
1994 1579 2333 1663 μονογενῆ
2378 1569 2460 1644 δι’
2494 1563 2576 1645 οῦ
2616 1571 2703 1643 τὰ
2731 1570 2965 1644 πάντα
3006 1576 3287 1659 συνέστη

667 1673 1000 1760 (ινπάνται
1049 1672 1175 1763 γὰρ
1226 1669 1344 1744 »δι’
1390 1670 1604 1744 αυτοῦ
1647 1675 1935 1761 ἐγένετο,
1980 1681 2093 1743 καὶ
2135 1681 2343 1762 χωρὶς
2384 1669 2597 1743 αὐτοῦ
2640 1677 2905 1762 ἐγένετο
2950 1666 3107 1742 οῦδὲ
3152 1670 3287 1756 ἔνι)

667 1771 974 1863 ἀρνεῖται
1017 1775 1188 1843 εἶναι
1231 1770 1461 1844 εἰκόνα
1504 1778 1629 1843 τοῦ
1671 1779 1841 1842 θεοῦ
1885 1769 2119 1854 αῦτατς
2160 1780 2523 1858 συλλαβαῖς
2566 1779 2789 1862 λέγων

791 1877 930 1960 (Nr.
975 1879 1080 1960 82)
1144 1869 1395 1943 οὐκοῦν
1453 1867 1832 1962 πρόδηλον,
1897 1865 2009 1942 ὅτι
2066 1869 2201 1958 πρὸ
2255 1876 2378 1960 τῆς
2431 1879 2558 1944 τοῦ
2602 1869 2929 1962 ἡμετέρου
2970 1869 3285 1958 σώματος

790 1969 1196 2062 ἀναλήψεως
1240 1967 1277 2042 6
1323 1968 1526 2059 λόγος
1569 1966 1727 2042 καθ’
1773 1970 2021 2043 ἑαυτὸν
2064 1967 2188 2042 οῦκ
2228 1963 2315 2060 ἦν
2358 1973 2564 2043 εἰκῶν
2596 1979 2725 2044 τοῦ
2754 1966 3057 2059 ἀοράτου
3094 1974 3285 2041 θεοῦ.

567 2091 631 2147 15
667 2066 832 2164 δρᾷς
877 2065 1000 2158 ὅσῃ
1045 2079 1421 2160 διαστροφῇ
1473 2078 1786 2160 κέχρηται
1829 2077 1953 2160 τῆς
2012 2065 2473 2158 ἀποστολικῆς
2530 2073 2896 2160 ἑρμηνείας.
2980 2062 3167 2141 οῦτω
3213 2073 3283 2138 δὲ
3320 2078 3353 2132 5

667 2179 794 2244 τοῦ
838 2168 1311 2261 εὐαγγελιστοῦ
1351 2167 1670 2242 Ἰωάννου
1731 2169 1812 2242 τὸ
1866 2169 2053 2258 παρὰ
2096 2178 2336 2241 Μωσετ
2379 2178 2493 2242 καὶ
2536 2189 2680 2252 τοῖς
2715 2183 2985 2252 λοιποῖς
3020 2165 3285 2257 προφή·

666 2300 816 2354 ταις
858 2279 1327 2362 κεκρυμμένως
1368 2274 1797 2360 ἐγνωσμένον
1839 2267 2213 2361 μυστήριον
2255 2265 2847 2359 εὐαγγελιζομένου
2882 2276 2995 2340 καὶ
3038 2263 3284 2338 ἀνακα-

665 2369 1054 2452 λύπτοντος
1095 2367 1352 2460 μεγάλῃ
1393 2398 1469 2442 τε
1511 2368 1981 2459 κηρύττοντος
2024 2377 2149 2458 βοῇ
2194 2367 2277 2440 τὸ
2328 2373 2440 2440 »ἐν
2481 2366 2651 2458 ἀρχῇ
2696 2361 2781 2460 ἦν
2824 2364 2864 2441 6
2908 2364 3129 2456 λόγος,
3172 2373 3285 2436 καὶ

666 2463 706 2540 6
751 2468 956 2558 λόγος
1000 2461 1086 2559 ἧι
1129 2469 1303 2560 πρὸς
1347 2469 1474 2541 τὸν
1516 2466 1710 2554 θεόν,
1773 2477 1887 2540 καὶ
1928 2467 2095 2552 θεὸς
2136 2460 2224 2557 ἦν
2266 2463 2303 2539 6
2348 2464 2568 2558 λόγος.
2652 2466 2884 2542 πάντα
2936 2465 3027 2539 δι’
3074 2462 3287 2538 αὐτοῦ
3320 2476 3354 2530 6

563 2587 632 2643 20
665 2573 972 2657 ἐγένετο(
1016 2577 1129 2640 καὶ
1157 2575 1669 2660 μαρτυρομένου
1700 2597 1808 2639 οτι
1846 2559 1970 2658 »ἦν
1998 2568 2081 2640 τὸ
2113 2575 2264 2656 φῶς
2301 2566 2383 2639 τὸ
2415 2577 2721 2656 φωτίζον
2748 2567 2979 2641 πάντα
3009 2565 3285 2655 ἄνθρω·

665 2695 804 2739 πον
863 2663 1230 2755 ἐρχόμενον
1280 2674 1375 2751 εἰς
1419 2668 1545 2740 τὸν
1584 2665 1856 2757 κόσμον.
1942 2672 2017 2739 ἐν
2058 2675 2161 2759 τῷ
2206 2663 2441 2759 κόσμῳ
2494 2659 2609 2757 ἦν,
2669 2676 2783 2739 καὶ
2827 2663 2866 2739 6
2908 2663 3161 2755 κόσμος
3204 2660 3285 2736 δι’

666 2763 880 2839 αῦτοῦ
921 2771 1212 2857 ἐγένετο,
1256 2775 1370 2838 καὶ
1413 2762 1452 2839 6
1496 2765 1746 2856 κόσμος
1789 2765 2005 2839 αὐτὸν
2032 2765 2157 2839 οῦκ
2186 2771 2425 2857 εγνωε,
2470 2763 2603 2857 τήν
2632 2798 2706 2839 τε
2730 2764 3021 2859 υίότητα
3050 2791 3288 2854 σαφως

663 2891 1146 2957 παριστωντος
1188 2871 1263 2937 ἐν
1307 2874 1410 2958 τῷ
1454 2874 1608 2956 περὶ
1649 2874 1772 2957 μὲν
1799 2874 1927 2939 τοῦ
1954 2868 2218 2955 πατρὸς
2247 2874 2471 2957 λέγειν
2505 2866 2709 2939 »θεὸν
2740 2864 3009 2949 οὐδεὶς<
2985 2895 3287 2955 εωρακεν

663 2967 1022 3051 πώποτει,
1066 2973 1222 3054 περὶ
1268 2971 1339 3037 δε
1382 2974 1510 3039 τοῦ
1553 2972 1704 3040 υἱοῦ
1753 2964 1828 3038 »6
1873 2966 2241 3057 μονογενὴς
2292 2966 2435 3049 υἱὸς
2480 2962 2520 3039 6
2564 2996 2667 3040 ων
2708 2973 2803 3049 εἰς
2844 2966 2975 3039 τὸν
3016 2964 3285 3039 κόλπον

559 3086 627 3141 25
664 3072 790 3138 τοῦ
831 3062 1115 3154 πατρός,
1159 3071 1414 3148 ἐκεῖνος
1457 3066 1891 3156 ἐξηγήσατοι,
1935 3072 2047 3140 74*

831 3172 916 3239 24
975 3162 1013 3238 6
1067 3164 1458 3255 θαυμαστὸς
1515 3158 1721 3247 οὗτος
1767 3194 1915 3237 των
1959 3171 2261 3253 Χριστοῦ
2300 3163 2531 3255 λόγων
2574 3163 2975 3250 διδάσκαλος
3017 3164 3141 3247 τὰς
3184 3169 3284 3236 ἐν·
3322 3166 3633 3237 Sumgmoio-

663 3263 876 3347 τολάς
919 3271 1047 3335 τοῦ
1087 3272 1260 3338 θεοῦ
1301 3273 1413 3336 καὶ
1457 3266 1620 3349 τοῦς
1663 3266 2241 3354 παραγγελτικοὺς
2288 3272 2435 3337 τῶν
2478 3272 2843 3353 πρακτέων
2872 3262 3115 3352 λόγους
3146 3260 3282 3336 ἀπὸ
3320 3244 3527 3378 Ῐξζζὲῗξ
3542 3257 3642 3361 ᾞζιὲ

661 3371 786 3455 τῆς
828 3373 1018 3448 θείας
1061 3365 1464 3453 συναγαγών
1504 3372 1770 3454 γραφῆς
1813 3363 2139 3438 τοιοῦτόν
2183 3394 2338 3436 τινα
2392 3360 2687 3453 ὁρίζεται
2735 3364 2861 3436 τὸν
2919 3368 3029 3436 »ἐν
3076 3360 3278 3453 ἀρχῇ(
3322 3379 3467 3432 θεοῦ
3539 3381 3641 3435 τοι·

663 3462 888 3553 λόγον.
961 3461 1344 3535 επάκουσον
1387 3469 1458 3533 δὲ
1503 3458 1696 3549 ὅπως
1727 3471 1947 3536 ταῦτα
1976 3470 2299 3536 συνιστᾶν
2326 3472 2662 3555 πειρᾶται,
2708 3470 2964 3536 τοῦτον
2995 3460 3287 3554 γράφων
3320 3449 3639 3575 ’,(8ῗῶνῖζῖ

561 3582 630 3637 30
664 3563 792 3635 τὸν
855 3571 866 3651 Ι
931 3561 1197 3652 τρόπον
3326 3578 3437 3635 148
3559 3596 3640 3645 a>

787 3668 930 3755 (Nr.
960 3670 1064 3751 41)
1093 3694 1131 3728 ε
1175 3694 1213 3727 «-
1259 3692 1296 3728 κ
1343 3692 1380 3728 κ
1425 3692 1463 3726 ι
1515 3670 1664 3733 τῶν
1692 3668 1766 3733 δὲ
1810 3659 2279 3733 διδασκόντων
2308 3659 2559 3745 αὐτοὺς
2590 3659 2820 3752 ὥσπερ
2866 3668 3289 3752 αἰδουμένων
3346 3650 3623 3769 ἵῇλτικζζο

785 3769 1165 3853 μεμνῆσθαι
1206 3769 1335 3833 τοῦ
1372 3757 1601 3849 λόγου,
1649 3756 1731 3833 ὃν
1759 3756 1948 3833 οῦτω
1980 3768 2187 3835 πᾶσαι
2218 3766 2285 3833 αἰ
2315 3774 2496 3834 θεῖαι
2524 3760 2979 3852 κηρύττουσιν
3018 3769 3288 3852 γραφαί.
3322 3714 3463 3868 Ξενῆ
3486 3734 3643 3867 faya,

791 3868 998 3933 Δαυὶδ
1051 3867 1174 3949 μὲν
1233 3861 1359 3951 γὰρ
1421 3869 1574 3948 περὶ
1617 3857 1829 3933 αὐτοῦ
1892 3868 2067 3952 λέγει
2132 3869 2271 3953 »τῷ
2337 3858 2524 3952 λόγῳ
2584 3872 2822 3952 κυρίου
2881 3865 2949 3933 οἱ
3008 3858 3287 3951 οὐρανοὶ
3326 3847 3637 3919 ἀφωμοωῑ

788 3962 1366 4050 ἐστερεωθησανι,
1409 3952 1609 4043 αὖθίς
1651 3989 1728 4031 τε
1772 3956 1810 4032 6
1856 3958 2063 4043 αὐτὸς
2112 3966 2618 4047 »ἐξαπέστειλεν
2661 3961 2789 4033 τὸν
2816 3958 3029 4051 λόγον
3072 3956 3287 4032 αὐτοῦ

560 4078 627 4133 35
787 4068 900 4130 καὶ
943 4058 1184 4133 ἰάσατο
1229 4056 1538 4141 αὖτούςι.
1599 4068 1946 4149 Σολομῶν
2005 4066 2077 4133 δὲ
2127 4059 2566 4151 »ζητήσουσίν
2606 4090 2687 4148 με
2728 4070 2946 4146 κακοί,
3008 4068 3120 4131 καὶ
3165 4056 3286 4148 οὐχ

838 4229 874 4284 2
922 4230 1032 4298 vgl.
1071 4248 1138 4285 zu
1172 4230 1223 4284 S.
1260 4229 1376 4295 133,
1413 4230 1482 4284 10
1525 4259 1592 4268 —-
1645 4230 1728 4285 41
1758 4230 1870 4300 vgl.
1905 4231 1997 4285 Nr.
2034 4232 2102 4287 82
2136 4260 2203 4270 -·
2236 4232 2272 4286 8
2306 4231 2449 4287 Phil.
2485 4233 2533 4297 2,
2572 4234 2603 4286 7
2654 4262 2719 4273 -
2775 4232 2847 4288 11
2888 4230 3011 4288 Joh.
3051 4234 3097 4298 1,
3135 4232 3167 4286 3
3218 4260 3287 4270 —-

665 4331 742 4386 14
779 4332 1141 4398 Kol.1,15-
1165 4331 1240 4387 18
1277 4329 1400 4385 Joh.
1437 4332 1485 4391 1,
1505 4333 1552 4383 1.
1587 4332 1620 4387 3
1655 4360 1721 4370 -
1759 4332 1839 4387 20
1876 4331 1999 4386 Joh.
2038 4334 2084 4393 1,
2104 4334 2152 4388 9.
2174 4334 2240 4387 10
2274 4362 2341 4371 —
2376 4332 2457 4388 28
2491 4332 2682 4397 Joh.1,
2704 4334 2769 4389 18
2804 4362 2868 4372 --
2907 4333 2988 4389 24
3007 4332 3286 4400 Joh.1‚18

661 4462 730 4470 —-
767 4433 845 4489 28
882 4431 1119 4495 Joh.1,1
1160 4460 1227 4472 —
1264 4432 1342 4487 88
1377 4431 1466 4485 ΡΒ.
1503 4432 1586 4500 32,
1621 4433 1655 4487 6
1690 4462 1757 4472 -
1789 4432 1867 4488 34
1904 4433 1989 4487 Ps.
2030 4434 2144 4501 106,
2182 4436 2249 4489 20
2282 4462 2349 4472 --
2387 4433 2463 4489 85
2500 4432 2661 4489 Prov.
2700 4436 2746 4502 1,
2782 4435 2865 4490 28.
2900 4436 2968 4491 29

835 4583 874 4639 4
927 4582 1103 4651 μένει]
1161 4580 1354 4654 σέβειῖ
1391 4580 1496 4638 We
1559 4583 1570 4651 l
1635 4582 1706 4638 17
1765 4580 2131 4655 κεχρημένοις
2166 4584 2265 4651 V*,
2303 4600 2439 4639 corr.
2478 4584 2556 4637 V²
2618 4584 2628 4653 Ι
2692 4585 2767 4640 81
2822 4602 2856 4633 ⁴*
2890 4603 2925 4634 οι
2959 4604 2993 4634 κ
3026 4602 3060 4633 ι
3094 4602 3128 4633 κ
3180 4602 3208 4638 r
3275 4603 3279 4650 ι

664 4688 742 4743 88
779 4687 936 4741 δαυὶδ
970 4686 1094 4740 and.
1131 4685 1206 4739 St.
1244 4682 1276 4739 6
1312 4684 1363 4737 V
