3694 5582
1332 502 1525 556 eontra
1561 499 1886 555 Marcellum
1921 501 1972 553 II
2008 501 2055 554 2.
2923 507 2998 567 41

507 668 687 752 λέγῃ,
746 669 966 735 ταῦτα
1017 670 1374 751 πανταχοῦ
1417 661 1526 734 διὰ
1567 669 1696 734 τοῦ
1739 658 1951 752 λόγου
1993 668 2215 752 λέγων
2257 670 2590 750 φαίνεται.
2674 666 2885 733 τοῦτο
2932 668 3003 733 δὲ

510 758 720 851 δῆλόν
763 765 950 834 ἐστιν
992 770 1104 832 καὶ
1149 756 1268 849 ἀφ’
1313 758 1510 852 ἡμῶν
1554 760 1816 846 αὐτῶν,
1880 759 2007 834 ὅσα
2067 761 2267 852 μικρὰ
2330 778 2474 844 τοῖς
2524 758 2839 850 μεγάλοις
2890 767 3002 832 καὶ

506 869 725 944 θείοις
768 858 1151 934 ἀπεικάσαι·
1211 870 1323 933 καὶ
1367 858 1554 953 ἡμεῖς
1594 861 1720 952 γὰρ
1762 859 1993 935 πάντα
2037 857 2163 935 ὅσα
2208 859 2293 934 ἂν
2335 867 2653 949 θέλωμεν
2697 858 2873 930 κατὰ
2916 857 2998 930 τὸ

504 959 802 1032 δυνατὸν
845 967 1063 1049 λέγειν
1107 990 1184 1032 τε
1225 967 1338 1032 καὶ
1381 980 1606 1034 ποιεῖν
1649 969 1754 1052 τῷ
1799 959 2101 1054 ἡμετέρῳ
2146 966 2475 1048 ποιοῦμεν
2517 957 2722 1050 λόγῳ.

305 1075 338 1128 5
376 1061 528 1131 εἶτα
570 1059 818 1149 μεταξύ
861 1089 1019 1132 τινα
1063 1062 1280 1133 εἰπών
1323 1065 1618 1151 ἐπιλέγει
3030 1071 3099 1126 34

265 1571 340 1625 10

504 1163 642 1245 (Nr.
673 1165 778 1246 68)
837 1165 950 1233 43¹
996 1167 1152 1244 πῶς
1213 1152 1338 1233 οὖν
1378 1156 1710 1251 Ἀστέριος
1771 1179 1919 1245 ταῖς
1979 1157 2196 1250 ἁγίαις
2256 1177 2546 1251 γραφαῖς
2606 1155 2844 1243 ἅπλῶς
2885 1167 2995 1232 καὶ

503 1255 820 1349 ἐμφόβως
865 1256 1280 1334 ἀκολουθεῖν
1320 1260 1911 1351 προσποιούμενος
1954 1258 2077 1334 οῦκ
2140 1261 2312 1348 ἔγνω
2380 1257 2463 1332 τὸ
2523 1266 2721 1348 μέρος
2784 1266 2991 1332 τοῦτο

506 1364 709 1448 λέγον
757 1358 1022 1447 »κύριος
1065 1357 1103 1432 6
1147 1357 1312 1444 θεός
1355 1385 1497 1446 σου,
1545 1353 1748 1444 οὗτος
1793 1360 1957 1446 θεὸς
2001 1365 2075 1432 ἐν
2117 1369 2221 1451 τῷ
2254 1355 2527 1450 οὐρανῷ
2560 1358 2707 1430 ἄνω
2740 1366 2852 1430 καὶ
2888 1363 2999 1430 ἐπὶ

504 1463 628 1548 τῆς
669 1464 790 1548 γῆς
833 1457 1046 1546 κάτω,
1087 1468 1199 1532 καὶ
1244 1457 1371 1534 οῦκ
1415 1464 1598 1532 ἔστιν
1630 1465 1731 1532 ἔτι
1759 1460 1946 1550 πλὴν
1984 1457 2256 1545 αὖτοῦι,
2300 1467 2413 1530 καὶ
2455 1452 2565 1530 ὅτι
2613 1459 2743 1542 »εἷς
2771 1463 2991 1531 ἐστιν(

501 1564 613 1629 καὶ
657 1557 842 1648 πλὴν
887 1557 1102 1632 αὐτοῦ
1147 1561 1253 1632 ἕτε
1343 1592 1379 1644 ς
1425 1557 1589 1634 »οὐκ
1631 1563 1873 1632 ἔστινι.

374 1663 486 1730 καὶ
530 1659 800 1745 προῖὼν
845 1652 1130 1742 αὗθις-αδ
1221 1669 1560 1749 χυρίζεται
1603 1657 1891 1747 φάσκων
3028 1676 3095 1730 35

42 1769 116 1827 ”5³
187 1734 424 1830 *QX
500 1761 776 1845 (Νι-,40)
840 1754 922 1831 οῦ
963 1766 1632 1850 καταχρηστικῶς
1677 1755 1918 1848 λόγος
1964 1754 2477 1849 ὀνομασθείς,
2536 1753 2667 1829 κᾶν
2726 1764 2993 1847 διαρρα-

497 1863 710 1945 γῶσιν
755 1863 819 1931 οἱ
863 1860 1624 1947 ἑτεροδιδασκαλοῦντες
1649 1855 2081 1948 ψευδόμενοι,
2113 1856 2289 1930 ἀλλὰ
2318 1865 2569 1948 κυρίως
2600 1885 2677 1928 τε
2704 1864 2815 1928 καὶ
2834 1853 2993 1947 ἄλη-

499 1963 653 2040 θῶς
697 1955 1024 2047 ὑπάρχων
1068 1954 1288 2048 λόγος.

261 2070 336 2123 15
373 2063 486 2127 καὶ
531 2066 990 2148 προστίθησιν

63 2209 126 2264 .Ῐέ
215 2175 235 2214 ‘-
232 2156 458 2242 Οὶίλ
500 2160 636 2243 (Nr.
668 2163 774 2243 45)
818 2167 887 2230 τί
929 2157 1056 2247 γὰρ
1101 2160 1338 2247 ἕτερον
1380 2149 1466 2246 ἦν
1495 2155 2096 2248 ἀποκεκρυμμένον
2124 2155 2496 2247 μυστήριον
2537 2151 2581 2245 ἢ
2626 2156 2779 2246 <τὸ>
2818 2157 2994 2228 κατὰ

253 2565 334 2620 20

183 2868 217 2909 l

247 3069 327 3123 26

498 2253 628 2328 τὸν
670 2249 912 2345 λόγον,·
957 2286 1184 2340 ουτως
1227 2262 1296 2328 δὲ
1343 2249 1429 2345 ἦν
1459 2254 2063 2347 ἀποκεκρυμμένον
2107 2261 2223 2328 »ἐν
2250 2263 2352 2344 τῷ
2384 2263 2567 2347 θεῷ(
2602 2265 2802 2329 τουτὶ
2829 2253 2991 2346 πρό-

497 2383 702 2444 τερον
746 2353 828 2427 τὸ
872 2354 1270 2446 μυστήριον,
1328 2354 1503 2428 ω’στε
1557 2363 1810 2447 μηδένα
1853 2362 1981 2428 τοῦ
2024 2362 2366 2446 προτέρου
2408 2363 2582 2430 λαοῦ
2624 2363 2861 2444 σαφῶς
2906 2354 2993 2428 τὰ

495 2455 675 2527 κατὰ
718 2453 846 2526 τὸν
890 2453 1101 2545 λόγον
1144 2461 1408 2541 εἰδέναι,
1455 2453 1602 2528 ἀλλ’
1647 2453 1820 2547 ἡμᾶς
1865 2462 1991 2528 τοῦ
2034 2454 2346 2529 πλουτου
2391 2463 2551 2547 »τῆς
2592 2455 2831 2544 δόξης(
2879 2461 2989 2538 καὶ

494 2560 624 2628 τοῦ
665 2551 1264 2676 &nox-exovpudvov
1307 2564 1678 2646 μυστηρίου
1721 2553 2097 2629 ἀπολαύειν
2139 2565 2307 2628 νυνί.

365 2662 481 2726 καὶ
522 2655 692 2745 μετὰ
734 2661 953 2725 ταῦτα
997 2653 1208 2726 πάλιν
1251 2651 1656 2745 ἀνθρωπίνῃ
1710 2662 2033 2746 κέχρηται
2086 2654 2321 2740 εἰκόνι,
2384 2661 2639 2729 τοῦτον
2700 2651 2988 2745 γράφων
3022 2663 3089 2719 36

367 2752 498 2827 τὸν
541 2753 807 2843 τρόπον

495 2860 633 2943 (Nr.
664 2864 768 2942 52)
815 2864 920 2939 τίς
963 2855 1090 2946 γὰρ
1134 2885 1360 2939 ουτως
1404 2884 1444 2944 η
1492 2862 1640 2928 τῶν
1683 2851 1901 2946 ἆγίων
1946 2852 2255 2945 ἀγγέλων
2296 2850 2341 2943 ἢ
2384 2850 2658 2943 ἀνδρῶν
2702 2860 2987 2925 δικαίων

493 2951 886 3041 αξιόπιστος
928 2948 1015 3046 ἦν
1059 2955 1190 3045 τὴν
1233 2958 1308 3026 ἐκ
1348 2955 1730 3043 προσώπου
1773 2962 1901 3027 τοῦ
1930 2961 2101 3027 θεοῦ
2131 2949 2521 3043 ορισθεῑσαν
2560 2950 2750 3044 αὐτῷ
2782 2982 2989 3041 τιμω-

493 3062 648 3141 ρίαν
691 3062 904 3139 λῦσαι,
943 3064 952 3144 Ι
992 3061 1050 3127 εἰ
1091 3054 1180 3145 μὴ
1227 3052 1434 3139 αὐτὸς
1465 3051 1502 3127 ὁ
1533 3052 1734 3144 λόγος
1760 3050 1800 3126 ὅ
1831 3078 2203 3145 συμπαρων
2230 3081 2307 3125 τε
2347 3059 2459 3125 καὶ
2506 3051 2987 3143 συμπλάττων,
3023 3070 3089 3124 37
3122 3066 3240 3137 141

489 3154 664 3241 πρὸς
709 3148 791 3226 ὃν
835 3150 874 3227 ὁ
917 3154 1146 3245 πατὴρ
1198 3152 1628 3246 »ποιήσωμεν
1671 3154 2091 3243 ἄνθρωπον(
2152 3156 2282 3243 ἔφη
2332 3150 2516 3225 »κατ’
2563 3152 2794 3225 εἰκόνα
2838 3150 2988 3243 ἦμε-

491 3262 698 3345 τέραν
739 3264 852 3326 καὶ
914 3250 1308 3344 όμοίωσινι,
1371 3250 1496 3327 οῦκ
1555 3248 1762 3337 ὄντος
1821 3254 2057 3342 ἑτέρου
2116 3260 2287 3326 θεοῦ
2345 3260 2473 3325 τοῦ
2532 3249 2990 3341 συμπλᾶττειν

492 3350 680 3445 αὐτῷ
727 3360 1121 3443 δυναμένου.
1213 3355 1420 3444 »ἐγώι
1470 3352 1598 3445 γάρ
1645 3360 1799 3441 εἰμι,
1847 3361 2071 3443 φησίν,
2124 3350 2324 3437 »θεὸς
2374 3359 2655 3439 πρῶτος
2697 3360 2811 3423 καὶ
2853 3352 2986 3440 ὲγώ

488 3454 658 3543 μετὰ
703 3460 947 3538 ταῦτα,
1010 3462 1124 3525 καὶ
1182 3453 1369 3543 πλὴν
1429 3458 1594 3545 ἐμοῦ
1651 3454 1816 3536 θεὸς
1880 3454 2108 3543 ἕτερος
2162 3481 2287 3525 ουκ
2330 3456 2571 3523 ἔστινι.
2657 3446 2816 3523 οὔτε
2861 3444 2987 3523 οὖν

490 3551 890 3643 νεώτερός
931 3584 1038 3637 τις
1081 3550 1274 3637 θεός
1317 3558 1430 3643 ἠν,
1496 3582 1656 3626 ουτε
1698 3553 1909 3637 αλλος
1967 3582 2069 3637 τις
2122 3551 2326 3642 »μετὰ
2372 3557 2623 3622 ταῦτα(
2672 3550 2839 3634 θεὸς
2884 3579 2986 3623 ων

491 3658 638 3743 θεῷ
685 3671 1029 3775 συνεργεῖν
1075 3646 1432 3737 δυνατὸς
1395 3683 1498 3744 ην.
1559 3650 1707 3725 ἀλλ’
1737 3658 1800 3725 εἴ
1824 3681 1932 3736 τις
1959 3660 2175 3743 μικρῷ
2222 3682 2358 3724 τινι
2399 3658 2511 3723 καὶ
2556 3648 2984 3740 ἀνθρωπίνῳ
3020 3670 3089 3729 38

489 3747 648 3824 καθ’
695 3748 865 3840 ἡμᾶς
907 3757 1395 3843 παραδείγματι
1437 3782 1780 3843 χρωμενος
1833 3750 1930 3836 οὖς
1974 3750 2083 3824 δια
2128 3748 2396 3835 εἰκόνος
2438 3750 2569 3840 τὴν
2610 3758 2811 3823 θείαν
2853 3754 2987 3837 ἐξε-

491 3848 686 3939 τάζοι
743 3858 1014 3941 πρᾶξιν·
1099 3849 1329 3943 ὥσπερ
1391 3852 1477 3926 ἄν
1537 3882 1644 3936 τις
1707 3849 2279 3943 ἀνδριαντοποιὸς
2340 3847 2735 3939 ἐπιστήμων
2798 3847 2987 3939 ἀνήρ,

538 4022 574 4077 8
608 4020 767 4077 Dent.
801 4024 854 4085 4,
891 4024 958 4079 39
991 4052 1060 4062 -
1095 4024 1134 4079 ε
1170 4022 1331 4078 Dent.
1368 4025 1416 4091 6,
1453 4028 1488 4078 4
1522 4054 1589 4063 -
1628 4024 1706 4079 ιο
1742 4024 1902 4079 Dent„
1940 4026 1989 4091 4,
2025 4024 2105 4079 35.
2144 4023 2227 4089 32,
2246 4021 2398 4091 39(‘.>)
2432 4052 2499 4061 -
2537 4020 2655 4077 101
2684 4020 2825 4090 Eph.
2862 4022 2909 4085 3,
2938 4022 2989 4076 9.

359 4121 489 4179 Κοι.
507 4123 874 4191 1,26—1or
903 4122 1280 4193 Eph.3,16.20
1309 4154 1370 4163 -
1402 4124 1524 4181 241
1553 4122 1690 4179 Gon.
1725 4126 1774 4193 3,
1815 4124 1924 4182 19⁸?
1959 4154 2026 4163 -
2064 4122 2137 4179 2⁶
2174 4123 2308 4179 Gen.
2332 4126 2379 4190 1,
2398 4122 2467 4179 26
2502 4154 2565 4161 —
2607 4123 2687 4179 28
2726 4122 2989 4189 Joe.44,6

364 4253 438 4265 —
476 4224 558 4280 eo
591 4223 698 4279 ses.
733 4227 818 4291 44,
855 4226 888 4279 6

534 4374 574 4430 4
627 4375 922 4443 ποιοῦμεν]
979 4382 1044 4439 ÷
1087 4376 1186 4431 καὶ
1225 4373 1468 4446 λέγομεν
1503 4376 1596 4430 Mo
1649 4376 1658 4444 Ι
1714 4376 1751 4432 8
1803 4374 1975 4446 λέγον
2012 4376 2088 4428 V²
2130 4392 2181 4429 u.
2220 4376 2345 4430 and.
2384 4376 2461 4431 St„
2496 4372 2679 4445 λέγων
2715 4372 2797 4427 V*
2850 4376 2861 4441 Ι
2912 4374 2991 4431 16

357 4474 430 4533 τὸ
467 4476 595 4532 and.
631 4476 709 4531 St.
761 4478 772 4543 Ι
826 4474 904 4530 2⁰
956 4471 1508 4546 ἀποκεκαλυμμένου
1543 4478 1622 4531 Re
1682 4478 1691 4545 Ι
1746 4477 1826 4532 28
1862 4474 2028 4547 31¹²]-4—
2054 4483 2171 4532 τῶν
2206 4494 2263 4531 m
2315 4478 2326 4546 Ι
2379 4476 2452 4533 27
2509 4476 2629 4545 καὶ]
2668 4482 2731 4539 -ἦ-
2766 4469 2903 4531 xa&
2936 4492 2991 4528 m

361 4580 370 4647 Ι
437 4576 512 4635 81
555 4574 922 4653 ἀνθρωπίνῳ]
958 4584 1212 4651 ταπεινῷ
1247 4576 1328 4632 Re
1361 4578 1473 4648 vgl.
1509 4578 1560 4633 S.
1579 4578 1662 4642 40,
1682 4579 1766 4645 20,
1803 4578 1936 4633 aber
1970 4577 2112 4633 auch
2146 4578 2216 4633 do
2250 4579 2381 4634 ecel.
2417 4579 2497 4633 th.
2530 4578 2604 4646 11,
2642 4578 2722 4643 16,
2756 4582 2793 4630 4
2838 4578 2847 4645 Ι
2900 4575 2981 4632 88

357 4674 456 4749 ἂν]
494 4686 561 4744 -1-
597 4676 654 4735 εἰ
683 4678 812 4734 and.
848 4679 924 4734 St.
