3694 5582
707 496 824 557 198
1886 483 2151 540 Eusebius

701 656 944 723 λήψεται
995 656 1093 709 καὶ
1148 650 1460 724 ἀναγγελεῖ
1507 648 1695 721 ὖιτμῖν,
1752 670 1862 709 ουκ
1902 644 2017 723 ἄρα
2064 649 2349 721 πρόδηλόν
2404 648 2555 707 ἐστιν
2606 651 2997 723 κεκριμμένον
3049 648 3323 707 tirunculi·-

703 740 954 794 πτεσθαί
985 756 1041 793 τι
1060 740 1396 808 μυστήριον,
1430 743 1552 801 πῶς
1588 734 1716 807 γάρ,
1753 734 1808 791 εἰ
1839 737 1917 805 μὴ
1953 736 1988 804 ἡ
2025 734 2208 803 μονὰς
2242 732 2562 807 ἀδιαίρετος
2598 729 2740 792 οὖσα
2776 734 2869 817 εἰς
2890 735 3091 808 τριάδα
3124 737 3324 792 πλατῦ·

703 841 888 889 νοιτο,
942 818 1190 893 ἐγχωρεῖ
1235 814 1416 877 αὐτόν
1469 821 1602 891 περὶ
1653 827 1756 875 τοῦ
1809 817 2134 888 πνεύματος
2184 820 2327 876 ποτὲ
2370 820 2477 887 μὲν
2522 820 2707 891 λέγειν
2753 816 2837 877 ὅτι
2874 818 2941 876 ἐκ
2975 828 3077 876 τοῦ
3110 817 3327 891 πατρὸς

708 902 1106 977 ἐκπορεύεται,
1159 903 1303 961 ποτὲ
1354 902 1414 960 δὲ
1456 905 1709 975 λέγειν»
1687 900 1936 970 »ἐκεῖνος
1971 900 2037 960 ἐκ
2070 911 2173 959 τοῦ
2208 900 2349 972 ἐμοί
2382 906 2625 975 λήψεται
2676 908 2773 963 καὶ
2808 902 3119 975 ἀναγγελεῖ
3146 900 3326 973 ὑμῖν,

640 988 672 1038 5
709 982 876 1056 αὖθίς
907 1008 970 1046 τε
1005 988 1411 1061 ἐμφυσήσαντα
1445 996 1566 1053 τοῖς
1597 992 1888 1058 μαθηταῖς
1926 986 2157 1060 »λάβετε
2196 995 2419 1056 πνεῦμα
2456 1008 2652 1059 αγιον«
2692 987 3002 1059 εἰρηκέναι;
3054 996 3177 1055 πῶς
3212 989 3325 1059 γὰρ

709 1074 762 1131 εἰ
794 1071 859 1130 ἐκ
891 1082 994 1130 τοῦ
1029 1076 1250 1147 πατρὸς
1293 1072 1668 1143 ἐκπορεύεται
1719 1074 1877 1140 παρὰ
1930 1080 2035 1128 τοῦ
2088 1068 2213 1127 υἱοῦ
2264 1074 2367 1140 τὴν
2419 1075 2713 1129 διακονίαν
2754 1072 2965 1143 ταύτην
3016 1072 3333 1147 λαμβάνειν

709 1156 1140 1231 ἐπαγγέλλεται;
1195 1156 1418 1229 ἀνάγκη
1463 1154 1574 1229 γὰρ
1611 1154 1668 1213 εἰ
1697 1156 1814 1212 δύο
1851 1156 2336 1229 διαιρούμενα,
2386 1152 2467 1223 ὣς
2500 1153 2775 1229 Ἀστέριος
2817 1152 2947 1227 ἔφη,
2994 1157 3327 1229 πρόσωπα

709 1240 820 1314 εἴη,
873 1242 908 1313 ἢ
961 1242 1026 1300 τὸ
1061 1250 1287 1311 πνεῦμα
1334 1240 1399 1299 ἐκ
1431 1248 1535 1297 τοῦ
1570 1240 1788 1315 πατρὸς
1829 1238 2295 1312 ἐκπορευόμενον
2346 1244 2422 1311 μὴ
2468 1244 2691 1299 δεῖσθαι
2734 1248 2833 1311 τῆς
2865 1241 3023 1311 παρὰ
3067 1250 3170 1298 τοῦ
3205 1238 3329 1297 υἱοῦ

708 1330 998 1393 διακονίας
1039 1330 1176 1396 (πᾶν
1223 1326 1335 1400 γὰρ
1372 1324 1441 1382 τὸ
1479 1322 1543 1381 ἐκ
1577 1324 1797 1398 πατρὸς
1832 1322 2292 1396 ἐκπορευόμενον
2326 1325 2545 1382 τέλειον
2588 1320 2735 1383 εἶναι
2772 1324 3018 1397 ἀνάγκη,
3054 1330 3330 1396 μηδαμῶς

605 1410 674 1463 10
707 1414 1134 1483 προσδεόμενον
1168 1417 1269 1481 τῆς
1303 1404 1440 1483 παρ’
1474 1404 1672 1479 ἑτέρου
1706 1411 2025 1481 βοηθείας),
2080 1407 2139 1479 ἦ,
2192 1407 2247 1466 εἰ
2296 1408 2453 1481 παρὰ
2496 1418 2599 1466 τοῦ
2642 1408 2769 1466 υἱοῦ
2810 1411 3097 1485 λαμβάνοι
3130 1414 3231 1467 καὶ
3266 1408 3330 1465 ἐκ

707 1504 807 1567 τῆς
841 1496 1060 1555 ἐκείνου
1093 1495 1386 1565 δυνάμεως
1421 1496 1712 1564 διακονοίη
1747 1496 1847 1563 τὴν
1881 1492 2066 1567 χάριν,
2102 1492 2303 1564 μηκέτι
2339 1490 2403 1549 ἐκ
2435 1501 2541 1549 τοῦ
2576 1494 2793 1567 πατρὸς
2827 1492 3260 1565 ἐκπορεύεσθαι.

879 1664 969 1718 Nr.
1009 1664 1076 1718 68
1113 1664 1212 1729 (Re
1247 1666 1334 1731 60)
1390 1660 1443 1718 εἰ
1491 1660 1550 1718 δὲ
1593 1660 1660 1716 τὸ
1700 1658 2048 1731 Εὐαγγέλιον
2096 1658 2185 1717 ὅτι
2230 1632 2560 1731 ἐμφυσήσεις
2593 1668 2715 1727 τοῖς
2746 1665 3040 1729 μαθηταῖς
3096 1660 3327 1733 »λάβετε

707 1755 930 1817 πνεῦμα
968 1742 1163 1817 δίγιον·Ι
1205 1742 1438 1817 ἔφησεν,
1474 1749 1646 1814 δῆλον
1685 1742 1772 1801 ὅτι
1806 1744 1873 1801 ἐκ
1905 1753 2009 1802 τοτ’Ι
2042 1746 2221 1815 λόγου
2256 1744 2323 1799 τὸ
2360 1754 2585 1814 πνεῦμα
2621 1743 2873 1815 ἐξῆλθεν.
2944 1753 3066 1812 πῶς
3100 1738 3229 1808 οὖν,
3280 1743 3334 1801 εἰ

709 1830 774 1889 ἐκ
805 1840 911 1889 τοῦ
945 1831 1123 1902 λόγου
1155 1831 1221 1887 τὸ
1257 1838 1482 1900 πνεῦμα
1518 1831 1826 1903 προῆλθεν,
1864 1827 2035 1885 πάλιν
2072 1827 2138 1884 τὸ
2176 1827 2313 1884 αὐτὸ
2351 1824 2416 1883 ἐκ
2448 1838 2551 1885 τοῦ
2584 1828 2804 1904 πατρὸς
2837 1827 3239 1899 ἐκπορεύεταις

611 2000 676 2052 15
879 1983 971 2038 Nr.
1009 1983 1076 2036 69
1113 1981 1212 2049 (Ro
1245 1984 1332 2049 60)
1371 1978 1476 2036 οὐκ
1509 1980 1704 2051 ὀρθῶς
1739 1972 1840 2035 οὖν
1882 1977 2010 2035 οὐδὲ
2053 1978 2459 2049 προσηκόντως
2510 1974 2738 2049 εἴρηκεν
2790 1990 2977 2050 τρεῖς
3026 1976 3331 2037 ὑποστά-

711 2084 852 2131 σεις
887 2060 990 2121 εἶν
1003 2086 1068 2121 αι
1107 2068 1291 2135 φήσας
1326 2061 1428 2133 οὐχ
1465 2059 1634 2130 ἅπαξ,
1669 2060 1814 2120 ἀλλὰ
1852 2066 1948 2119 καὶ
1983 2062 2263 2137 δεύτερον.

879 2216 969 2269 Nr.
1007 2216 1076 2271 70
1109 2216 1209 2283 (Re
1245 2216 1332 2283 61)
1377 2217 1479 2283 τὴν
1513 2211 1620 2283 μὲν
1653 2212 1800 2269 κατὰ
1837 2211 2029 2281 σάρκα
2066 2210 2401 2281 οἰκονομίαν
2442 2221 2524 2287 τῷ
2560 2211 2855 2290 ἀνθρώπῳ
2907 2213 3196 2287 διαφέρειν
3250 2234 3331 2285 γι·

709 2298 1062 2373 γνώσκομεν,
1096 2301 1200 2369 τὴν
1233 2299 1292 2356 δὲ
1325 2299 1472 2355 κατὰ
1507 2304 1729 2367 πνεῦμα
1766 2295 2055 2365 ἀιδιότητα
2090 2298 2350 2367 ἡνῶσθαι
2382 2304 2463 2370 τῷ
2496 2300 2673 2371 πατρὶ
2706 2298 3177 2368 πεπιστεύκαμεν.

881 2452 974 2505 Nr.
1013 2454 1072 2505 71
1115 2451 1217 2515 (Re
1252 2450 1338 2517 62)
1391 2447 1446 2504 εἰ
1486 2448 1592 2518 μὲν
1638 2445 1749 2521 γὰρ
1797 2447 1830 2515 ἡ
1867 2455 1969 2503 τοῦ
2003 2446 2327 2517 πνεύματος
2360 2444 2609 2514 ἐξέτασις
2644 2450 2893 2519 γίγνοιτο
2931 2450 3098 2520 μόνη,
3136 2446 3200 2505 ἓν
3234 2452 3335 2505 καὶ

607 2535 676 2589 20
713 2533 920 2591 ταύτὸν
957 2532 1193 2599 εἰκότως
1228 2528 1300 2589 ἂν
1336 2530 1368 2587 ὁ
1405 2534 1579 2603 λόγος
1613 2526 1760 2588 εἶναι
1794 2538 1875 2605 τῷ
1900 2534 2023 2605 θεῷ
2049 2533 2334 2601 φαίνοιτο·
2372 2530 2427 2589 εἰ
2456 2531 2517 2589 δὲ
2551 2533 2584 2601 ἡ
2620 2531 2768 2590 κατὰ
2806 2531 2992 2603 σάρκα
3026 2537 3331 2605 προσθήκη

713 2617 807 2675 ἐπὶ
849 2626 950 2674 τοῦ
997 2628 1250 2689 σωτῆρος
1291 2614 1641 2684 ἐξετάζοιτο,
1696 2612 1953 2691 ἐνεργείᾳ
2008 2616 2041 2685 ἡ
2086 2617 2293 2686 θεότης
2326 2616 2474 2686 μόνῃ
2518 2616 2907 2673 πλατύνεσθαι
2941 2622 3121 2675 δοκεῖ·
3184 2611 3333 2675 ὥστε

712 2702 946 2769 εἰκότως
979 2702 1164 2771 μονὰς
1199 2696 1379 2767 ὄντως
1412 2698 1561 2757 ἐστὶν
1597 2698 1929 2773 ἀδιαίρετος.

885 2855 978 2909 Nr.
1017 2857 1081 2908 72
1119 2853 1218 2920 (Re
1254 2855 1342 2920 63)
1379 2848 1450 2908 ἓν
1484 2853 1612 2924 γὰρ
1650 2847 1831 2910 εἶναι
1865 2855 1980 2908 καὶ
2014 2872 2093 2908 τα
2110 2850 2266 2906 {nav
2302 2843 2574 2924 Ἀστέριος
2605 2851 2752 2910 κατὰ
2788 2861 2959 2909 τοῦτο
2996 2851 3332 2924 ἀπεφήνατο

713 2939 897 3008 μόνον
949 2937 1068 2994 τὸν
1113 2936 1376 3008 πατέρα
1421 2935 1690 2993 καὶτὸν
1727 2934 1903 3002 υἱόν,
1956 2929 2122 2994 καθ’
2175 2933 2208 2991 ὃ
2245 2931 2313 2991 ἐν
2349 2943 2559 2992 πᾶσιν
2595 2945 3109 3008 συμφωνοῦσιν.
3186 2933 3335 2994 οἷῑτω

612 3022 678 3074 25
714 3023 826 3094 γὰρ
865 3018 996 3092 ἔφη·
1033 3024 1148 3078 καὶ
1182 3021 1289 3077 διὰ
1323 3023 1442 3090 τὴν
1479 3018 1548 3077 ἐν
1583 3027 1790 3077 πᾶσιν
1826 3023 2067 3092 λόγοις
2101 3040 2171 3078 τε
2206 3021 2322 3076 καὶ
2357 3015 2597 3094 ἔργοις
2630 3018 2885 3095 ἀκριβῆ
2922 3025 3335 3092 συμφωνίαν

717 3105 880 3178 »ἐγὼ
914 3109 1031 3164 καὶ
1066 3105 1099 3163 ό
1134 3108 1358 3178 πατὴρ
1393 3101 1464 3162 ἓν
1501 3102 1757 3174 ἐσμενα.

881 3257 974 3312 Nr.
1013 3259 1077 3310 73
1113 3255 1213 3324 (Re
1247 3257 1333 3322 64)
1369 3255 1425 3313 εἰ
1457 3249 1559 3312 οὖν
1603 3255 1777 3322 αὐτὸς
1818 3256 1972 3327 λέγει
2012 3262 2188 3311 ταῦτα
2246 3251 2394 3324 »ἐγὼ
2438 3252 2504 3311 ἐκ
2546 3263 2650 3311 τοῦ
2694 3254 2913 3328 πατρὸς
2957 3253 3203 3324 ἐξῆλθον
3240 3258 3341 3311 καὶ

713 3337 889 3410 ἥκωσι,
923 3341 1023 3396 καὶ
1058 3333 1226 3404 αὖθις
1265 3342 1390 3396 »καὶ
1426 3339 1458 3396 ὁ
1494 3341 1690 3411 λόγος,
1737 3337 1804 3396 ὃν
1841 3337 2103 3404 ἀκούετε,
2142 3337 2247 3394 οὐκ
2280 3334 2435 3396 ἔστιν
2470 3337 2632 3408 ἐμός,
2680 3335 2823 3396 ἀλλὰ
2858 3349 2961 3395 τοῖ’
2994 3339 3338 3410 πέμψαντός

714 3445 788 3495 με
825 3425 1068 3498 πατρός«
1115 3425 1215 3480 καὶ
1253 3423 1472 3480 »πάντα
1509 3421 1617 3480 ὅσα
1654 3420 1771 3494 ἔχει
1805 3420 1838 3478 ό
1876 3425 2062 3495 πατὴρ
2098 3421 2209 3492 ἐμά
2246 3421 2461 3490 ἐστινκ,
2500 3427 2673 3492 δῆλον
2710 3419 2796 3479 ὅτι
2832 3421 3067 3490 εἰκότως
3100 3421 3337 3480 κάκεῖνο

610 3509 682 3562 30
716 3505 910 3580 ἔλεγεν
949 3505 1040 3564 »ἐν
1077 3505 1207 3576 ἐμοὶ
1242 3506 1274 3563 ὁ
1310 3511 1494 3579 πατὴρ
1529 3505 1693 3579 κάγὼ
1729 3505 1790 3563 ἐν
1824 3514 1903 3578 τῷ
1940 3510 2169 3578 πατρία,
2214 3503 2313 3564 ἵνα
2350 3503 2412 3563 ἐν
2446 3511 2567 3580 θεῷ
2602 3507 2708 3576 μὲν
2744 3499 2779 3578 ᾖ
2816 3505 2848 3562 ὁ
2886 3509 3059 3578 λόγος
3096 3507 3128 3564 ὁ
3166 3517 3337 3564 τοῦτο

714 3592 912 3664 λέγων,
965 3591 1026 3652 ἐν
1061 3592 1122 3649 δὲ
1173 3600 1254 3666 τῷ
1289 3593 1444 3667 λόγῳ
1496 3590 1528 3647 ό
1581 3595 1793 3663 πατήρ,
1850 3587 1939 3648 ὅτι
1982 3589 2216 3660 δύναμις
2256 3601 2361 3648 τοῦ
2395 3590 2613 3663 πατρὸς
2648 3590 2680 3646 ὁ
2718 3591 2905 3663 λόγος.
2983 3596 3181 3648 »θεοΐκι
3225 3591 3337 3664 γὰρ

717 3676 889 3734 αὐτὸν
929 3676 1194 3746 »δύναμιν
1226 3679 1326 3733 καὶ
1369 3679 1514 3733 θεοῦ
1559 3679 1799 3746 σοφίαν·
1856 3673 2185 3743 ἀξιόπιστος
2235 3673 2461 3746 εἴρηκεν
2512 3675 2742 3746 μάρτυς.
2815 3673 2883 3732 οὔ
2935 3675 3039 3732 διὰ
3095 3679 3219 3744 τὴν
3274 3673 3345 3731 ἐν

883 3845 1131 3901 12-14
1170 3845 1291 3907 158,
1327 3844 1457 3897 28-
1476 3845 1544 3896 31
1581 3873 1643 3882 —-
1678 3845 1935 3900 15—16
1970 3844 2104 3908 158,
2145 3845 2283 3896 33-
2290 3847 2365 3896 34.
2402 3873 2465 3882 -
2509 3843 2756 3900 17-18
2793 3845 3336 3911 37,18-20.10.2,

715 3913 917 3966 16-18
963 3941 1028 3950 —-
1088 3884 1346 3967 19-22
1391 3914 1477 3972 35,
1523 3913 1658 3964 33-
1669 3913 1760 3964 36.
1822 3911 1946 3976 102,
1992 3913 2228 3974 21-253
2282 3912 2552 3967 19—20
2597 3913 2903 3980 (φαίνοιτο)
2957 3913 3031 3976 77,
3088 3913 3224 3962 T—s‘
3272 3943 3336 3952 —-

713 3979 1338 4118 ἅῗῆἕῖθὲθᾯῗῗῐὲῧ
1383 4009 1448 4018 -
1505 3979 1722 4036 27-3.
1757 3981 1922 4046 199,
1964 3978 2058 4035 17
2096 3981 2189 4044 37,
2233 3981 2373 4031 22-
2380 3980 2466 4044 38,
2503 3980 2588 4044 16;
2618 3931 2741 4035 ‘¹³23
2776 3978 2885 4048 (ov)
2924 3954 3048 4032 —S
3084 3981 3253 4050 199,
3290 3981 3337 4034 3

885 4180 1198 4248 310111.)
1237 4181 3336 4248 )6-4.10111614-5101120,22-12.1011.,2022-26

715 4250 836 4304 Joh.
876 4253 956 4313 10,
993 4249 1272 4304 30-27
1313 4248 1436 4301 Joh.
1471 4249 1521 4305 8
1556 4249 1837 4305 42-28
1876 4249 1997 4304 Joh.
2036 4223 2419 4316 14,24—2'9
2457 4249 2768 4310 1011161.)
2816 4249 3335 4314 -80J0h10‚38

713 4318 892 4374 —81
933 4290 1121 4370 I’Kor.
1163 4319 1207 4380 1,
1245 4317 1409 4369 24-
1451 4316 1731 4387 3211ng
1768 4316 1863 4370 Nr.
1902 4319 1966 4372 ’72

883 4453 916 4506 1
958 4445 1133 4506 οὺκ”
1096 4471 1212 4523 αρα
1249 4452 1318 4504 Κ1
1356 4449 1424 4505 οὐ
1458 4449 1567 4522 γὰρ
1607 4451 1654 4502 V
1692 4448 1761 4506 οὗ
1795 4469 1935 4519 ογ1ν
1972 4451 2049 4506 Re
2112 4453 2123 4518 Ι
2186 4453 2225 4506 6
2260 4449 2573 4523 λαμβάνειν
2612 4452 2681 4505 Kl
2720 4452 2827 4520 vgl.
2866 4453 2919 4505 Z.
2948 4454 3014 4506 10
3050 4454 3333 4507 διακονεῖν

713 4519 762 4572 V
845 4519 852 4584 1
935 4520 1014 4574 10
1048 4501 1338 4604 λαμβάνει
1361 4519 1426 4580 V,
1464 4535 1598 4572 corr.
1636 4519 1706 4572 Kl
1789 4537 1796 4574 ι
1882 4519 1957 4574 12
1996 4517 2116 4574 Εὔα
2155 4518 2345 4587 γέλιον
2404 4527 2467 4582 -4-
2504 4517 2603 4588 λέγ
2604 4521 2693 4574 ει.)
2766 4521 2777 4586 Ι
2862 4520 2932 4574 17
3012 4516 3333 4587 ινὼσκοιιεν

715 4588 930 4654 102,17
995 4589 1005 4654 1
1070 4587 1150 4642 20
1203 4582 1274 4642 ἂν
1313 4579 1344 4640 ὃ
1379 4583 1553 4674 λόγος
1588 4597 1652 4645 <
1688 4589 1778 4652 35,
1815 4589 1883 4640 34
1946 4589 1955 4653 Ι
2020 4584 2074 4642 εἰ
2158 4587 2285 4654 2(ἡ
2378 4591 2427 4652 *)
2482 4589 2607 4650 102,
2642 4589 2709 4640 22
2772 4589 2781 4652 Ι
2846 4586 2879 4654 ἡ
2920 4586 2965 4639 V
3041 4585 3117 4656 (εἰ
3164 4587 3194 4639 2
3228 4573 3331 4640 V*)

714 4657 796 4720 35,
833 4659 899 4710 34
963 4655 972 4722 Ι
1038 4655 1115 4708 26
1151 4655 1355 4726 πατηρ]
1397 4663 1460 4718 ÷
1499 4648 1604 4724 ἐφη
1644 4673 1670 4707 1·
1733 4659 1742 4721 Ι
1808 4656 1889 4709 30
1922 4652 2029 4721 μὲν
2066 4645 2119 4723 ᾖ]
2159 4654 2303 4722 μένῃ
2340 4668 2421 4707 mr
2468 4656 2577 4724 vgl.
2616 4653 2738 4709 Joh
2784 4657 2858 4720 14,
2900 4657 2963 4709 10
