3694 5582
1348 477 1450 532 Die
1485 478 1814 549 Fragmente
1849 478 2121 534 Marcelle.
2938 488 3053 551 189

442 641 936 782 προαγορεύουσα.
1007 641 1225 701 δώδεκα
1261 643 1372 716 γὰρ
1411 639 1594 701 ὄντων
1635 646 1736 701 τὸν
1773 643 2027 715 ἀριθμὸν
2060 652 2175 701 τῶν
2212 644 2565 711 ἀποστόλων,
2600 644 2819 703 δώδεκα
2856 654 3055 718 πηγῶν

443 748 484 794 μ
517 746 740 797 μνηται.

597 894 688 948 Nr.
726 897 794 950 24
828 894 930 960 (Re
963 896 1050 962 20)
1105 892 1340 961 εἰκότως
1392 889 1493 951 οὖν
1546 898 1678 968 περὶ
1723 903 1820 963 τῆς
1864 896 2011 953 κατὰ
2049 896 2233 971 σάρκα
2270 897 2547 966 γενέσεως
2583 897 2615 953 ὁ
2650 898 2926 966 δεσπότης
2960 896 3053 953 διὰ

361 1060 396 1113 5
431 986 534 1033 τοῦ
587 980 886 1081 προφήτου
939 982 1290 1049 Σολομῶνος
1339 978 1610 1050 λέγοντος
1665 980 1806 1053 »πρὸ
1863 989 1967 1037 τοῦ
2018 984 2327 1053 προελθεῖν
2378 982 2481 1047 τὰς
2528 982 2714 1053 πηγὰς
2767 989 2879 1036 τῶν
2927 978 3051 1037 ὑδά-

433 1083 577 1118 των«
617 1082 742 1133 εφη.

599 1231 691 1285 Nr.
727 1234 794 1287 25
833 1232 930 1299 (Re
965 1232 1054 1299 20)
1091 1227 1240 1287 οὕτω
1285 1232 1396 1305 γὰρ
1435 1232 1466 1289 ὁ
1503 1236 1690 1306 σωτὴρ
1735 1231 1881 1304 πρὸς
1921 1232 2024 1297 τὰς
2068 1228 2225 1305 ἱερὰς
2258 1231 2445 1302 πηγὰς
2481 1230 2586 1303 ἔφη
2638 1230 3057 1303 »πορευθέντες

433 1312 828 1383 μαθητεύσατε
865 1314 1052 1371 πάντα
1088 1314 1159 1372 τὰ
1196 1312 1386 1387 ἔθνησ.

601 1482 694 1538 Nr.
731 1484 796 1537 26
833 1484 931 1551 (Re
967 1484 1054 1549 21)
1108 1484 1477 1554 πανταχόθεν
1531 1486 1700 1552 δῆλόν
1751 1482 1904 1540 ἐστιν
1946 1484 2079 1549 τοὺς
2124 1481 2311 1557 ἱεροὺς
2346 1482 2703 1550 ἀποστόλους
2736 1488 2835 1541 καὶ
2870 1485 3057 1555 πηγὰς

435 1573 723 1637 τροπικῶς
756 1563 1103 1634 ὠνομάσθαι
1136 1564 1248 1623 ὑπὸ
1283 1577 1386 1624 τοῦ
1422 1571 1738 1641 προφήτου.

331 1763 401 1817 10
602 1750 695 1805 Nr.
733 1752 796 1805 27
836 1750 936 1817 (Re
971 1752 1056 1819 22)
1115 1750 1322 1807 οὐκοῦν
1367 1750 1666 1824 ἐπειδήπερ
1703 1756 1832 1825 περὶ
1867 1758 1983 1807 τῶν
2015 1754 2394 1823 προαγόντων
2431 1750 2767 1822 εἰρήκαμεν,
2822 1750 3057 1808 ἀκόλου-

437 1836 544 1890 θόν
581 1830 732 1889 ἐστιν
763 1836 862 1889 καὶ
894 1832 964 1889 τὸ
1001 1838 1200 1891 λεῖπον
1235 1834 1659 1907 ἀναπληρῶσαι.
1732 1838 1913 1893 λείπει
1964 1836 2024 1892 δὲ
2074 1838 2141 1892 τό
2185 1836 2335 1893 κατὰ
2380 1836 2451 1893 τὰ
2488 1832 2596 1906 ὅρη
2630 1838 2729 1893 καὶ
2763 1836 2893 1901 τοὺς
2926 1840 3055 1909 βου·

436 1918 582 1983 wig.
647 1920 814 1989 »πρὸα
854 1918 966 1990 γὰρ
1007 1928 1138 1975 »τοῦ
1176 1915 1281 1991 ὄρη
1318 1916 1692 1993 ἑδρασθῆναι«
1733 1923 1903 1991 φησὶν
1944 1921 2087 1990 »πρὸ
2123 1921 2183 1977 δὲ
2216 1920 2449 1977 πάντων
2484 1928 2599 1977 τῶν
2632 1926 2856 1994 βουνῶν
2884 1928 3056 1995 γεννᾷ

435 2003 556 2072 μέα.
628 1999 732 2073 ὄρη
767 2005 866 2057 καὶ
900 2002 1140 2075 βουνοὺς
1175 2004 1309 2070 τοὺς
1343 2002 1698 2070 ἀποστόλους
1731 2009 1830 2061 καὶ
1864 2005 1997 2071 τοὺς
2032 2013 2145 2061 τῶν
2183 2003 2523 2061 ἀποστόλων
2556 2006 2853 2075 διαδόχους
2888 2004 3055 2075 λέγει,

431 2085 528 2143 ἵνα
567 2087 726 2157 παρὰ
763 2086 894 2152 τοὺς
929 2084 1134 2152 ἄλλους
1170 2086 1516 2160 ἀνθρώπους
1551 2095 1651 2159 τὴν
1685 2086 1811 2145 κατ’
1847 2088 2037 2147 αὐτῶν
2070 2090 2293 2145 δικαίαν
2328 2092 2623 2145 πολιτείαν
2648 2092 3057 2160 παροιμιωδῶς

339 2183 401 2235 15
439 2176 673 2243 σημήνῃ·

607 2358 699 2411 Nr.
735 2358 802 2411 28
838 2356 936 2421 (Re
972 2358 1059 2425 23)
1105 2357 1195 2414 διὰ
1240 2366 1412 2413 τοῦτο
1449 2360 1638 2413 τοίνυν
1673 2361 1836 2416 δοκεῖ
1863 2377 1965 2427 μοι
1998 2362 2187 2423 καλῶς
2224 2352 2373 2428 ἔχειν
2410 2354 2491 2413 ἔτι
2534 2360 2665 2429 περὶ
2699 2348 2784 2412 ὧν
2817 2356 3051 2426 μηδέπω

437 2440 720 2513 πρότερον
772 2444 1006 2510 διῆλθον
1057 2437 1178 2496 νυνὶ
1233 2444 1490 2498 διελθεῖν.
1559 2442 1630 2499 τὰ
1683 2442 1794 2515 γὰρ
1850 2448 2083 2499 πλεῖστα
2130 2450 2245 2498 τῶν
2280 2436 2374 2497 ὑπ’
2410 2441 2585 2498 αὐτοῦ
2620 2441 2955 2515 γραφέντων
2990 2439 3055 2497 ἐκ

437 2532 554 2581 τῶν
592 2524 688 2594 ἤδη
726 2524 1158 2597 προειρημένων
1195 2526 1328 2594 ἡμῖν
1364 2526 1602 2597 γέγονεν
1636 2530 1792 2596 δῆλα.
1868 2526 1971 2583 »ἐκ
2005 2525 2333 2597 γαστρός(
2384 2529 2553 2597 φησὶν
2592 2525 2751 2599 »πρὸ
2790 2522 3055 2596 ἑωσφό-

439 2630 563 2683 ρου
599 2608 1016 2681 ἐξεγέννησά
1056 2628 1175 2665 σεα.
1249 2606 1394 2685 ᾤετο
1450 2610 1559 2683 γὰρ
1606 2612 1834 2675 πάντως
1869 2630 1983 2667 που
2017 2614 2118 2680 τὴν
2153 2608 2215 2677 ἐξ
2248 2611 2527 2685 πρόθεσιν
2580 2614 2892 2667 κλαπεῑσαν
2928 2628 3053 2667 συν-

337 2703 406 2757 20
437 2698 780 2767 δραμεῖσθαι
813 2702 882 2765 τῇ
917 2701 1016 2763 τῆς
1052 2691 1323 2767 αἱρέσεως
1356 2693 1572 2765 γνώμῃ.
1643 2696 1728 2751 διὸ
1765 2695 1830 2752 τό
1876 2692 2230 2767 κυριώτατον
2264 2702 2361 2763 τῆς
2398 2699 2675 2767 συλλαβῆς
2710 2691 2918 2760 ἐξελὼν
2953 2696 3055 2762 τὴν

439 2776 686 2850 ἀρχαίαν
722 2776 895 2836 αὐτοῦ
932 2776 1306 2851 ἀναγέννησιν
1345 2786 1588 2850 σημῆναι
1624 2779 1922 2852 ἐβουλήθη.

606 2948 700 3002 Nr.
737 2949 802 3004 29
839 2947 938 3016 (Re
973 2949 1060 3016 24)
1113 2955 1233 3013 πῶς
1277 2939 1379 3004 οὖν
1429 2945 1486 3004 οἱ
1525 2951 1784 3022 »πλήρεις
1817 2949 1988 3004 δόλου
2039 2949 2136 3003 καὶ
2188 2945 2608 3024 ρᾳδιουργίαςε,
2665 2944 3057 3012 ἀποοτολικῶς

439 3029 634 3095 εἰπεῖν,
670 3030 1089 3104 μεταφέρουσιν
1125 3032 1190 3087 τὸ
1227 3031 1401 3102 ῥητὸν
1439 3032 1520 3099 εἰς
1554 3037 1675 3102 τὴν
1711 3030 1988 3105 πρώτην
2025 3031 2257 3101 αὑτοῦ,
2296 3027 2375 3096 ὼς
2400 3027 2634 3095 οἴονται,
2669 3035 2919 3100 κτίσιν,
2956 3034 3057 3086 καὶ

437 3123 615 3170 ταῦτα
651 3124 752 3171 τοῦ
791 3119 971 3172 Ααυὶδ
1005 3120 1135 3186 περὶ
1169 3123 1267 3186 τῆς
1299 3116 1448 3174 κατὰ
1486 3116 1670 3190 σάρκα
1708 3116 1885 3172 αὐτοῦ
1918 3116 2193 3187 γενέσεως
2229 3122 2426 3185 σαφῶς
2460 3113 2771 3188 εἰρηκότος.

335 3292 402 3346 25
607 3285 699 3338 Nr.
736 3285 804 3339 30
840 3285 938 3352 (Re
973 3286 1058 3353 25)
1098 3284 1336 3349 σκότους
1371 3282 1481 3354 γὰρ
1520 3279 1687 3349 ὄντος
1721 3283 2007 3356 πρότερον
2043 3282 2131 3338 διὰ
2167 3285 2268 3351 τὴν
2304 3287 2401 3350 τῆς
2436 3283 2771 3352 θεοσεβείας
2796 3277 3054 3351 ἄγνοιαν,

439 3375 536 3436 τῆς
571 3367 630 3424 δὲ
665 3368 879 3438 ἡμέρας
913 3370 1221 3438 φαίνεσθαι
1256 3367 1571 3437 μελλούσης
1608 3366 1806 3436 (ωέγὼε
1850 3367 1959 3438 γάρ
2003 3367 2173 3436 »εἷμαι
2227 3369 2395 3436 φησὶν
2446 3367 2506 3435 »η
2544 3365 2783 3436 ἡμέραα)
2820 3364 3056 3433 εἰκότως

437 3452 539 3507 τόν
576 3450 788 3521 ἀστέρα
823 3448 1122 3524 ἑωσφόρον
1160 3453 1448 3521 ὀνομάζει.
1549 3501 1556 3510 .

605 3636 696 3690 Nr.
735 3639 798 3690 31
855 3637 953 3700 (Re
988 3639 1074 3704 26)
1128 3635 1218 3692 διὰ
1263 3645 1432 3692 τοῦτο
1467 3638 1658 3693 τοίνυν
1695 3643 1796 3693 τοῦ
1831 3639 1931 3704 τὴν
1968 3635 2186 3706 ἡμέραν
2222 3638 2529 3703 δηλοῦντος
2565 3631 2804 3706 ἀστέρος
2839 3629 3053 3704 ἑωσφό·

438 3739 545 3788 ρου
581 3717 688 3774 ὑπὸ
725 3729 826 3775 τοῦ
862 3723 1160 3792 προφήτου
1196 3723 1372 3776 Δαυὶδ
1403 3719 1641 3786 εἰκότως
1677 3719 2123 3788 ὀνομασθέντος,
2162 3717 2351 3776 οὐκέτι
2386 3723 2677 3787 ζητεῖσθαι
2712 3720 2931 3775 δίκαιον
2955 3717 3057 3774 τὸν

607 3905 773 3960 3—-5
809 3905 900 3966 43,
939 3905 1093 3959 5—7.
1165 3905 1284 3964 149,
1321 3906 1549 3957 2:5—30
1583 3935 1649 3943 —
1691 3905 1858 3962 6-7
1884 3907 2004 3968 149,
2040 3905 2265 3957 32-33
2298 3935 2367 3943 -
2404 3907 2571 3960 8-9
2606 3903 2719 3970 149,
2744 3903 3055 3954 36-37-

437 3973 702 4027 10—15
752 3974 853 4038 43,
891 3946 1096 4034 ’sl—15,-
1153 3973 1242 4028 12
1293 3972 1389 4041 (πρ
1393 3971 1447 4029 ὸ)
1500 4002 1565 4011 —-
1621 3974 1714 4028 15
1765 3975 1894 4040 150,
1932 3974 2138 4026 18-21
2190 4003 2257 4010 —-
2307 3973 2558 4028 16-—21
2610 3973 2692 4034 12,
2728 3971 2938 4023 12—13
2988 4001 3056 4008 —

443 4041 697 4095 ‘’z—24
731 4043 818 4107 24,
856 4041 1070 4092 31-34
1101 4071 1169 4078 -
1204 3992 1471 4097 25-27
1502 4042 1586 4108 12,
1623 4043 1847 4092 24-26
1882 4069 1949 4079 -
1983 4041 2423 4110 ,ΞΒ-52190,
2464 4041 2509 4094 6
2544 4039 2633 4102 50,
2680 4011 2850 4090 '7-—16

608 4173 778 4230 1Ex.
818 4177 900 4244 15,
937 4174 1374 4230 27—4Pr0v.
1413 4177 1462 4237 8,
1499 4176 1989 4231 24-6Μαὺὺ11,
2031 4176 2113 4239 ⁸28,
2152 4175 2441 4230 19—1‘2.
2489 4175 2649 4228 Prov.
2687 4174 3057 4236 8‚25-18

443 4217 954 4304 1³s.10<›‚3—22
995 4241 3059 4311 Act.13,10—-⁰4Ps.100:3vglNr25—06w0h1412940‘>

607 4377 644 4430 4
697 4375 880 4448 λέγων
930 4380 1044 4440 140,
1083 4377 1220 4432 291.
1259 4376 1446 4447 λέγων
1497 4375 1606 4431 τόὶ)
1671 4379 1677 4446 Ι
1746 4379 1820 4433 12
1880 4377 1991 4447 γὰο
2028 4388 2093 4438 <
2132 4379 2247 4444 150,
2283 4379 2348 4430 18
2412 4377 2419 4442 Ι
2484 4383 2599 4431 τῶν
2654 4387 2717 4434 <
2772 4378 2990 4443 150,18
3050 4376 3057 4444 Ι

439 4446 516 4499 123
571 4443 633 4499 λέ
635 4445 751 4522 γει]
791 4449 938 4500 εἰναι
976 4445 1022 4497 V
1059 4451 1141 4504 48
1179 4449 1211 4500 5
1277 4449 1284 4512 Ι
1354 4445 1428 4500 14
1483 4448 1583 4512 τὴν
1619 4438 1746 4500 κατ’
1781 4411 1993 4514 αυτῶῧ]
2027 4452 2331 4530 τηνικαῦτα
2368 4442 2501 4508 τοὺς
2534 4444 2583 4496 V
2622 4449 2736 4509 150,
2772 4445 2833 4496 21
2903 4445 2911 4512 Ι
2980 4446 3057 4499 1ss

437 4507 521 4568 ἐτι
555 4529 584 4564 r
617 4530 671 4566 τι
705 4512 742 4564 Χ
821 4515 828 4578 Ι
897 4515 967 4568 17
1027 4514 1254 4580 διῆλθεν
1291 4512 1356 4574 V
1412 4529 1548 4570 corr.
1589 4514 1679 4566 Mo
1745 4515 1753 4579 Ι
1822 4515 2045 4568 ls—’l
2102 4512 2173 4568 τὰ
2212 4543 2277 4550 -
2313 4508 2560 4582 ἐβουλθ
2652 4512 2733 4564 als
2769 4511 3057 4566 Eusebius'

437 4581 770 4703 {Nm-gemo
671 4597 726 4633 m
751 4597 789 4648 g
841 4582 850 4646 Ι
916 4581 1036 4635 201
1065 4533 1194 4646 ,,ἐξ“
1229 4575 1377 4636 ἑλὼν
1415 4621 1428 4634 .
1465 4623 1480 4638 .
1519 4625 1529 4636 .
1568 4575 1689 4636 α’νω
1725 4579 1987 4650 γέννησιν
2024 4580 2175 4634 z·1hn
2212 4583 2309 4634 113
2340 4543 2457 4648 vgl.
2483 4515 2594 4632 510
2627 4577 2705 4632 Re
2752 4581 2891 4646 127
2932 4577 3057 4648 τὸν]

469 4666 571 4703 αυτ
610 4666 641 4701 ν
