3694 5582
613 463 728 527 158
1778 452 2045 509 Eusebius

771 627 853 695 12
913 618 1085 693 ἀλλὰ
1149 619 1230 690 σύ
1288 647 1362 708 γε
1421 615 1788 702 ἀναλαβών
1850 617 1978 706 τὴν
2040 614 2474 708 εῦαγγελικὴν
2532 620 2831 745 γραφήτν,
2904 629 3035 694 θέα
3095 621 3220 713 τῆν
3284 631 3525 722 ἑρμηνεῖ
3504 657 3567 690 ια

604 726 832 794 πᾶσαν
876 727 1002 792 τοῦ
1045 725 1357 810 σωτῆρος
1408 715 1606 808 ἡμῶν
1652 724 2088 791 διδασκαλίαν
2148 715 2343 802 ὅπως
2397 717 2479 792 οῦ
2529 730 2682 811 περὶ
2734 714 2815 811 ἧς
2856 719 3221 812 ἀνείληφεν
3276 709 3376 771 τῆς
3410 701 3583 786 ⁸¹²³?ss

604 820 849 908 σαρκὸς
909 828 1278 911 διελέγετο,
1337 828 1492 909 περὶ
1551 823 1624 890 δὲ
1685 823 1810 891 τοῦ
1868 826 2194 908 μυστικοῦ
2254 817 2569 909 σώματός
2627 850 2703 892 τε
2763 828 2875 894 καὶ
2926 826 3221 913 αἳματος.
3340 843 3500 905 ξεως.

603 920 832 1010 ἐπειδὴ
877 919 1004 1010 γὰρ
1059 941 1206 1004 τοῖς
1255 927 1464 991 πέντε
1515 918 1751 1008 ἄρτοις
1811 921 2104 1008 ἔθρεψεν
2163 919 2251 990 τὰ
2309 918 2577 1010 πλήθη,
2642 927 2807 1010 μέγα
2865 927 2937 994 δὲ
2996 929 3223 1012 θαῦμα

534 1032 566 1084 5
603 1027 814 1092 τοῦτο
857 1028 1188 1110 παρέσχεν
1230 1038 1376 1103 τοῖς
1419 1015 1823 1106 ἑωρακόσιν,
1886 1013 2227 1090 Ἰουδαίων
2288 1025 2359 1091 δὲ
2419 1021 2485 1093 οἱ
2544 1031 2851 1094 πλεῖστοι
2911 1026 3224 1108 ἐξευτελί-

603 1131 834 1207 ζοντες
878 1123 962 1195 τὸ
1007 1121 1288 1211 γεγονὸς
1333 1123 1567 1208 ἔλεγον
1611 1116 1800 1209 αυτῷ
1854 1125 1957 1187 »τί
1988 1109 2113 1188 οὖν
2141 1138 2358 1202 ποιεῖς
2389 1118 2470 1190 σύ
2498 1138 2793 1208 σημεῖον,
2840 1125 2950 1193 ἳνα
2977 1125 3223 1210 ἴδωμεν

597 1228 710 1292 καὶ
770 1219 1303 1312 πιστεύσωμενε,
1367 1219 1516 1292 εἶτα
1573 1190 2007 1308 παρέβαλλον
2060 1216 2143 1288 τὸ
2195 1215 2420 1307 μάννα
2477 1218 2558 1290 τὸ
2602 1224 2677 1290 ἐν
2721 1228 2806 1309 τῇ
2848 1218 3075 1311 ἐρήμῳ
3121 1228 3222 1293 λέ-

599 1349 838 1409 γοντες
900 1319 1000 1392 »οἱ
1041 1328 1327 1408 πατέρες
1381 1319 1578 1410 ἡμῶν
1639 1317 1721 1390 τὸ
1780 1317 2006 1405 μάννα
2066 1317 2324 1407 ἔφαγον
2384 1323 2458 1390 ἐν
2519 1326 2605 1408 τῇ
2664 1317 2918 1410 ἐρήμῳ,
2980 1321 3220 1403 καθώς

499 1465 504 1470 ·
598 1424 784 1492 ἐστιν
828 1427 1310 1510 γεγραμμένον·
1383 1418 1600 1508 ἄρτον
1660 1423 1734 1491 ἐκ
1792 1425 1921 1492 τοῦ
1982 1414 2279 1508 οὐρανοῦ
2332 1421 2587 1490 ε’δωκεν
2623 1414 2871 1540 εαὐτοῖς
2916 1438 3215 1508 φαγεῑνι,

496 1529 564 1582 10
598 1516 770 1606 πρὸς
813 1527 1030 1590 ταῦτα
1073 1515 1113 1592 6
1158 1517 1388 1608 σωτὴρ
1431 1515 1846 1607 ἀπεκρίνατο
1897 1517 2110 1610 »ἀμὴν
2120 1514 2335 1640 ,ἀμὴν
2378 1524 2555 1607 λέγω
2598 1513 2783 1607 υμῖν,
2838 1515 2921 1590 οὗ
2962 1524 3217 1609 Μωσῆς
3250 1527 3284 1580 2

598 1623 894 1690 δέδωκεν
935 1615 1093 1709 υμῖν
1135 1616 1263 1690 τὸν
1307 1617 1524 1705 ἄρτον
1565 1621 1642 1688 ἐκ
1685 1625 1810 1690 τοῦ
1855 1616 2169 1708 ουρανοῦ,
2214 1614 2363 1690 ἀλλ’
2410 1612 2448 1689 6
2490 1614 2723 1707 πατήρ
2762 1647 2896 1708 μου
2938 1624 3217 1690 δίδωσιν

595 1713 750 1805 υμῖν
796 1716 924 1790 τὸν
969 1716 1182 1806 ἄρτον
1227 1714 1352 1788 τὸν
1393 1715 1736 1806 ἀληθινὸν
1778 1723 1853 1789 ἐκ
1898 1725 2025 1791 τοῦ
2068 1716 2423 1806 οὖρανοῦι.
2510 1713 2630 1789 εἰτ’
2684 1721 2988 1806 ἐπιφέρει
3044 1717 3213 1806 »ἐγώ

599 1823 730 1905 εἰμι
773 1813 812 1889 6
856 1815 1064 1905 ἄρτος
1107 1822 1230 1906 τῆς
1274 1823 1486 1907 ζωῆς(
1553 1824 1665 1888 καὶ
1709 1815 1920 1890 πάλιν
1986 1818 2155 1908 »ἐγώ
2210 1823 2340 1907 εἰμι
2382 1811 2423 1888 6
2468 1815 2679 1906 ἄρτος
2722 1812 2761 1888 6
2804 1816 3102 1903 καταβὰς
3146 1820 3219 1888 ἐκ

596 1922 724 1987 τοῦ
767 1913 1099 2004 οῦρανοῦ«
1162 1923 1275 1988 καὶ
1339 1909 1538 2001 αὖθις
1605 1911 1681 1988 »6
1733 1923 1805 1988 δὲ
1850 1916 2059 2005 ἄρτος
2104 1911 2185 1988 ὃν
2228 1919 2361 2007 ἐγὼ
2425 1917 2627 1988 δώσω
2691 1916 2771 1988 τὸ
2832 1913 3025 2006 σῶμά
3084 1915 3218 2002 μού

494 2027 559 2081 15
595 2019 838 2087 ἐστινι.
880 2023 994 2087 καὶ
1021 2013 1231 2088 πάλιν
1257 2024 1712 2107 προστίθησιν
1737 2013 1950 2108 »ἀμὴν
1980 2014 2158 2107 ἀμὴν
2203 2023 2381 2106 λέγω
2409 2013 2584 2106 ῦμῑν,
2615 2015 2737 2088 ἐὰν
2765 2015 2919 2106 (μὴ)
2953 2013 3213 2106 φάγητε

596 2113 727 2204 τὴν
771 2113 982 2203 σάρκα
1019 2121 1145 2188 τοῦ
1187 2117 1338 2188 υἱοῦ
1378 2123 1508 2188 τοῦ
1550 2112 1954 2239 ςἀνθρώπου
2012 2124 2123 2188 καὶ
2182 2123 2386 2205 πίητε
2452 2113 2665 2189 αὐτοῦ
2708 2113 2791 2186 τὸ
2836 2116 3023 2205 αἷμα,
3086 2113 3210 2187 οῦκ

595 2217 774 2304 ἔχετε
819 2214 1004 2305 ζωὴν
1047 2219 1120 2286 ἐν
1165 2216 1446 2299 ἑαυτοῖς.
1532 2211 1570 2286 6
1615 2216 1912 2305 τρώγων
1969 2245 2104 2303 μου
2155 2215 2283 2305 τὴν
2344 2212 2557 2304 σάρκα
2623 2223 2735 2286 καὶ
2792 2223 3021 2288 πίνων
3080 2243 3211 2306 μου
3242 2229 3277 2284 3

593 2311 673 2383 τὸ
717 2313 876 2402 αἷμα
923 2317 1053 2402 ἔχει
1107 2315 1291 2405 ζωὴν
1350 2315 1664 2400 αἰωνιον,
1725 2310 1915 2405 κάγώ
1977 2311 2339 2404 ἀναστήσω
2404 2311 2620 2388 αὐτὸν
2678 2319 2753 2386 ἐν
2814 2323 2900 2404 τῇ
2962 2312 3207 2404 ἐσχάτῃ

593 2409 817 2504 ἡμέρα.
902 2409 945 2502 ἦ
1005 2414 1132 2502 γὰρ
1185 2411 1348 2504 σάρξ
1395 2443 1528 2504 μου
1579 2411 1846 2505 ἀληθής
1890 2419 2074 2486 ἐστιν
2148 2421 2160 2502 Ι
2234 2420 2501 2503 βρῶσις,
2562 2422 2672 2485 καὶ
2732 2411 2815 2486 τὸ
2878 2411 3037 2503 αἷμά
3078 2443 3209 2502 μου
3246 2435 3368 2491 180

489 2524 559 2578 20
591 2508 856 2601 ἀληθής
898 2517 1082 2585 ἐστιν
1125 2511 1337 2596 πόσις.
1423 2510 1461 2586 6
1515 2541 1807 2603 τρωγων
1858 2542 1989 2602 μου
2048 2512 2177 2603 τὴν
2236 2510 2452 2603 σάρκα
2510 2523 2622 2585 καὶ
2672 2521 2899 2586 πίνων
2947 2542 3081 2603 μου
3123 2513 3205 2586 τὸ
3242 2539 3275 2590 4

591 2610 750 2700 αἷμα
793 2616 904 2685 87¹
949 2615 1022 2682 ἐν
1065 2617 1210 2702 ἐμοὶ
1251 2615 1465 2702 μένει
1477 2609 1669 2703 κάγώ
1715 2617 1789 2685 ἐν
1835 2609 2085 2703 αῦτῷι.
2168 2620 2389 2686 ταῦτα
2448 2621 2562 2684 καὶ
2625 2611 2710 2684 τὰ
2765 2620 3050 2687 τοιαῦτα
3092 2641 3205 2702 μυ-

590 2711 1010 2800 στικῶτερον
1083 2710 1298 2784 αυτοῦ
1369 2710 1736 2799 διεξιόντος
1808 2719 1993 2797 τινὲς
2064 2718 2212 2785 τῶν
2293 2709 2505 2784 αὐτοῦ
2584 2720 2925 2805 μαθητῶν
3011 2714 3207 2784 εἷπον

598 2808 919 2900 »σκληρός
963 2815 1148 2885 ἐστιν
1189 2808 1229 2883 6
1275 2810 1494 2903 λόγος,
1540 2822 1644 2895 τίς
1687 2812 1973 2886 δύναται
2013 2809 2227 2883 αὐτοῦ
2268 2809 2574 2899 ἀκούειν,·
2583 2844 2607 2877 ι
2665 2812 2841 2903 πρὸς
2884 2808 3003 2896 οῦς
3049 2810 3203 2885 ἀπε-

587 2918 870 3030 κρίνατο
917 2906 955 2983 6
1000 2910 1230 3002 σωτὴρ
1276 2920 1499 3001 λέγων
1546 2919 1794 2985 »τοῦτο
1835 2910 2006 3001 υμᾶς
2058 2918 2509 3000 σκανδαλίζει,·
2559 2911 2679 2985 ἐὰν
2722 2906 2845 2985 οὖν
2886 2918 3203 3001 θεωρῆτε

484 3022 550 3075 25
588 3008 714 3081 τὸν
783 3008 936 3083 υἱὸν
1004 3018 1130 3083 τοῦ
1192 3008 1571 3100 ἀνθρωπου
1631 3010 2091 3098 ἀναβαίνοντα
2152 3040 2329 3085 οπου
2386 3004 2475 3101 ἦν
2533 3011 2617 3085 τὸ
2676 3010 3047 3102 πρότερον;
3116 3012 3199 3084 τὸ
3234 3036 3270 3089 5

584 3107 846 3198 πνεῦμά
890 3115 1073 3182 ἐστιν
1116 3109 1198 3183 τὸ
1246 3118 1664 3199 ζωοποιοῦν,
1731 3108 1774 3203 ἦ
1826 3111 1989 3199 σὰρξ
2042 3108 2167 3184 οῦκ
2220 3107 2477 3198 ὠφελεῖ
2520 3108 2741 3184 οὐδέν·
2803 3112 2890 3184 τὰ
2932 3111 3201 3202 ῥήματα

585 3205 627 3278 ἃ
672 3206 1012 3298 λελάληκα
1071 3206 1229 3299 ὑμῖν
1287 3208 1549 3302 πνεῦμά
1609 3216 1795 3283 ἐστιν
1845 3217 1957 3283 καὶ
2014 3208 2155 3299 ζωή
2210 3214 2453 3282 ἐστινι.
2538 3207 2621 3283 δι’
2684 3204 2789 3284 ὦν
2854 3217 3202 3283 ἐπαίδευεν

585 3304 832 3391 αὐτοὺς
891 3318 1364 3400 πνευματικῶς
1419 3308 1691 3383 ἀκούειν
1736 3318 1881 3383 τῶν
1924 3318 2080 3399 περὶ
2123 3316 2247 3400 τῆς
2290 3308 2536 3400 σαρκὸς
2578 3318 2691 3383 καὶ
2734 3318 2863 3383 τοῦ
2922 3312 3201 3401 αἳματος

583 3405 796 3480 αὐτοῦ
831 3406 1289 3498 λελεγμένων·
1332 3410 1422 3499 μὴ
1476 3409 1602 3501 γὰρ
1647 3410 1778 3501 τὴν
1820 3408 2034 3498 σάρκα
2076 3415 2127 3499 <,
2168 3416 2427 3499 φησίν,>
2470 3408 2557 3500 ἣν
2598 3419 2975 3501 περίκειμαι
3018 3418 3200 3500 νομί·

482 3521 548 3575 30
581 3513 747 3595 σητέ
785 3535 864 3596 με
908 3516 1140 3596 λέγειν,
1185 3507 1282 3592 αἶς
1327 3516 1484 3582 δέον
1527 3507 1744 3601 αὐτὴν
1785 3515 2068 3594 ἐσθίειν,
2113 3513 2279 3598 μηδὲ
2321 3507 2403 3580 τὸ
2447 3510 2784 3600 αἰσθητὸν
2826 3519 2939 3582 καὶ
2982 3535 3199 3600 σωμα-
3254 3528 3269 3547 ·

581 3604 775 3678 τικόν
819 3607 978 3695 αἷμα
1022 3616 1246 3680 πίνειν
1273 3605 1788 3699 ὑπολαμβάνετε(
1824 3638 1906 3698 με
1948 3604 2425 3699 προστάττειν,
2470 3606 2615 3683 ἀλλ’
2648 3602 2723 3681 εὖ
2756 3614 2897 3682 ἰ’στε
2928 3604 3041 3681 ὅτι
3077 3610 3199 3681 »τὰ

579 3702 844 3794 ρήματά
885 3736 1016 3796 μου
1059 3703 1102 3777 ἃ
1156 3703 1495 3797 λελάληκα
1545 3706 1702 3799 υμῖν
1751 3707 2017 3798 πνεῦμά
2081 3713 2266 3780 ἐστιν
2324 3716 2436 3781 καὶ
2498 3707 2639 3799 ζωή
2700 3714 2955 3795 ἐστινι,
3020 3708 3198 3781 ὥστε

581 3801 750 3876 αὐτὰ
811 3805 985 3877 εἶναι
1045 3804 1129 3877 τὰ
1188 3804 1456 3896 ῥήματα
1515 3813 1631 3881 καὶ
1690 3808 1853 3892 τούς
1914 3807 2161 3898 λόγους
2222 3808 2471 3892 αὐτοὺς
2530 3809 2660 3931 τήν
2703 3806 2914 3899 σάρκα
2957 3818 3069 3880 καὶ
3114 3809 3196 3882 τὸ

579 3901 758 3992 αἷμα,
807 3933 908 3975 ων
949 3900 987 3976 6
1030 3913 1330 3996 μετέχων
1377 3903 1476 3979 ἀεὶ
1521 3904 1770 3980 ὦσανεὶ
1813 3907 2003 3997 ἄρτῳ
2050 3906 2346 4001 οὐρανίῳ
2394 3906 2812 3999 τρεφόμενος
2852 3915 2977 3999 τῆς
3004 3906 3199 3998 οὖρα-

476 4018 542 4071 35
580 4012 730 4076 νίου
771 4010 1035 4091 μεθέξει
1081 4012 1274 4095 ζωῆς.
1357 4005 1446 4096 μὴ
1494 4006 1574 4096 δὴ
1618 4000 1763 4093 οὖν,
1826 4015 2068 4097 φησίν,
2124 4015 2625 4097 σκανδαλιζέτω
2668 4005 2837 4097 υμᾶς
2881 4016 3110 4096 τοῦτο,
3158 4003 3196 4080 ὃ
3233 4024 3269 4080 6

745 4175 1002 4231 4fl'J0h.
1039 4176 1206 4239 6,13.
1245 4177 1724 4245 14-6J0h.6‚
1763 4178 2164 4235 30—85011.
2201 4182 2465 4248 6‚31—
2517 4179 2754 4235 10Joh.
2790 4178 3058 4245 6,32—
3117 4179 3193 4234 12

575 4274 698 4329 Joh.
734 4279 781 4343 6,
816 4277 884 4331 35
919 4306 985 4316 —
1024 4276 1102 4332 18
1138 4276 1261 4331 Joh.
1296 4278 1345 4343 6,
1378 4280 1444 4332 41
1483 4309 1548 4318 —
1587 4278 1664 4334 14
1701 4279 1823 4336 Joh.
1850 4280 1898 4348 6,
1916 4281 1982 4335 51
2018 4309 2085 4319 —
2124 4281 2199 4338 15
2236 4282 2358 4336 Joh.
2395 4282 2443 4349 6,
2463 4282 2667 4337 53—56
2701 4310 2766 4320 —
2804 4279 2883 4336 28
2919 4279 3197 4346 Joh.6,60

575 4406 640 4415 —
678 4376 756 4432 24
793 4377 916 4432 Joh.
952 4378 1000 4442 6,
1035 4378 1240 4434 61-63

750 4528 779 4583 1
835 4526 955 4582 hier
991 4545 1039 4583 a..
1073 4528 1136 4581 R.
1183 4522 1259 4584 ια’
1295 4527 1347 4582 V
1411 4530 1420 4597 1
1489 4530 1561 4586 15
1613 4524 1691 4599 μὴ
1727 4530 1818 4588 tib.
1856 4532 1906 4587 d.
1944 4532 2005 4587 Z.
2042 4533 2120 4587 V2
2180 4534 2190 4602 Ι
2258 4534 2334 4591 18
2387 4530 2553 4605 κάγὼ
2588 4533 2683 4588 ΝΤ
2724 4529 2824 4589 καὶ
2857 4537 2937 4589 τῶ
2973 4532 3055 4585 V*
3090 4532 3191 4587 καὶ

574 4624 688 4696 ἐγὼ
726 4628 802 4680 V²
846 4629 856 4697 Ι
902 4628 982 4684 29
1020 4630 1187 4698 φησίν
1223 4630 1294 4684 Kl
1319 4628 1430 4700 vgl.
1456 4632 1508 4685 Z.
1528 4633 1596 4687 35
1625 4636 1634 4699 1
1663 4632 1743 4688 88
1779 4629 1955 4689 αὐτοῦ
1990 4636 2055 4701 V,
2092 4651 2227 4690 corr.
2264 4634 2335 4689 Kl
2364 4635 2373 4702 1
2406 4634 2482 4691 85
2518 4634 2595 4702 μὴ
2632 4626 2679 4687 δ’
2684 4626 2787 4689 οὖν
2820 4634 2917 4699 V*,
2954 4649 3089 4688 oorr.
3111 4632 3190 4686 V²

3256 775 3481 841 γελικῆς
3512 771 3605 825 λε·
3688 779 3694 796 “
