3694 5582
1311 478 1504 530 contra
1539 475 1860 532 Marcellum
1898 478 1919 529 I
1954 481 2003 534 4.
2876 493 2949 554 29

345 645 604 731 αἵρεσιν,
643 647 949 712 δεικτέον
987 644 997 728 Ι
1037 634 1135 721 σός
1165 640 1434 728 προϊών
1445 635 1846 761 Ὠριγένρυς.
1844 647 1971 712 τοῦ
1996 637 2209 712 πάλαι
2228 650 2592 734 γενομένου
2621 651 2949 736 μέμνηται
2986 661 3065 716 2⁰

345 739 437 824 ὦς
480 736 977 830 ὅμοδοξοῦντος
1021 758 1168 822 τοῖς
1211 745 1360 812 νυνὶ
1412 738 1588 827 πρὸς
1633 736 1846 810 αὐτοῦ
1892 746 2459 832 διαβαλλομένοις.
2542 747 2675 836 ἐγώ
2724 751 2795 816 δὲ
2837 754 2951 818 καὶ

344 837 712 930 Ὠριγένους
790 845 1274 928 παλαιοτέρων
1355 836 1632 928 ἀνδρῶν
1703 849 2049 924 πλείστοις
2122 836 2306 928 ὅσοις
2378 848 2949 935 ἐκκλησιαστικοῖς

344 937 836 1030 συγγράμμασιν
902 938 1346 1030 ἐντετύχηκα,
1411 937 1808 1011 ἐπισκόπων
1876 968 1952 1010 τε
2020 948 2131 1013 καὶ
2191 941 2504 1016 συνόδων
2562 949 2949 1028 ἐπιστολαῖς

280 1055 310 1108 5
342 1037 690 1128 διαφόροις
759 1037 1111 1128 πρόπαλαι
1182 1047 1597 1129 γραφείσαις,
1673 1036 1754 1110 δι’
1813 1069 1915 1112 ων
1986 1041 2080 1125 εἷς
2150 1049 2261 1114 καὶ
2332 1039 2372 1116 5
2444 1041 2650 1126 αὐτὸς
2722 1041 2759 1116 5
2826 1051 2949 1134 τῆς

340 1148 628 1224 πίστεως
670 1139 1015 1229 χαρακτὴρ
1061 1136 1561 1213 ἀποδείκνυται.
1637 1136 1762 1211 οὐκ
1805 1135 2040 1228 ὀρθῶς
2086 1170 2214 1229 αρα
2259 1149 2689 1232 διαβέβληκεν
2732 1146 2947 1216 εἰπών
3015 1158 3049 1212 9

341 1239 662 1328 <ταύτην>
723 1244 1147 1312 ἐπινοεῖσθαι
1215 1247 1341 1310 νῦν
1401 1243 1654 1326 αἳρεσιν
1714 1235 1850 1311 υπὸ
1910 1249 2058 1312 τῶν
2118 1249 2684 1332 διαβαλλομένων.
2776 1243 2945 1332 μετὰ

342 1346 552 1410 ταῦτα
621 1338 863 1430 μικρὸν
934 1340 1312 1428 προελθών
1383 1335 1466 1411 οὗ
1525 1338 1652 1412 τὸν
1711 1335 2052 1428 Ἀστέριον
2109 1339 2351 1430 μόνον,
2418 1340 2587 1414 ἀλλὰ
2648 1351 2761 1415 καὶ
2822 1343 2948 1417 τὸν

337 1445 541 1526 μέγαν
584 1436 938 1524 Εὗσέβιον,
995 1431 1075 1511 οὗ
1130 1445 1253 1528 τῆς
1303 1443 1678 1528 ἐπισκοπῆς
1732 1450 2043 1510 πλεῖσται
2094 1444 2204 1514 καὶ
2249 1449 2598 1530 διαφανεῖς
2640 1447 2949 1533 ἐπαρχίαι

249 1552 308 1606 10
339 1566 408 1622 τε
459 1545 572 1609 καὶ
624 1537 860 1621 πόλεις
911 1537 1491 1628 μετεποιήθησαν,
1554 1545 1783 1621 κακῶς
1846 1535 2149 1628 ἀγορεύει
2195 1547 2449 1614 τοῦτον
2504 1541 2628 1614 τὸν
2682 1541 2947 1634 τρόπον

281 1639 376 1694 ”35
456 1642 596 1725 (ΝΥ.
626 1648 728 1724 29)
780 1634 1156 1728 ὑπομνήσω
1202 1644 1279 1710 δέ
1345 1661 1416 1710 σε
1487 1667 1590 1709 ων
1634 1635 1841 1721 αυτὸς
1885 1646 2221 1730 γέγραφεν
2278 1640 2760 1732 συνιστάμενος
2805 1662 2949 1726 τοῖς
3009 1675 3017 1682 ·

455 1767 685 1820 κακως
713 1733 848 1811 ῦπὸ
889 1747 1218 1824 Ευσεβίου
1244 1757 1616 1828 γραφεῖσιν,
1648 1741 1758 1810 ἵνα
1789 1747 1971 1828 γνῷς
2003 1733 2113 1812 ότι
2145 1736 2514 1828 ἀφίσταται
2544 1750 2780 1830 σαφῶς
2824 1749 2946 1833 τῆς

455 1842 797 1926 προτέρας
856 1843 1270 1928 ἐπαγγελίας.
1358 1845 1691 1927 γέγραφεν
1735 1837 1863 1928 γὰρ
1918 1836 2155 1922 αὐταῖς
2196 1847 2454 1926 λέξεσιν
2509 1835 2763 1926 οὕτως·
2854 1842 2944 1914 τὸ
2982 1861 3049 1916 10

453 1937 599 2027 γὰρ
650 1935 1099 2025 κεφάλαιον
1163 1941 1374 2010 εἶναι
1426 1945 1568 2029 τῆς
1621 1943 2054 2024 ἐπιστολῆς
2098 1942 2227 2010 ἐπὶ
2272 1938 2419 2029 τὴν
2463 1941 2760 2031 βουλὴν
2805 1950 2947 2015 τοῦ

248 2059 302 2112 15
347 2131 352 2134 ,
454 2035 763 2126 πατρὸς
824 2035 1288 2126 ἀνενεγκεῖν
1341 2044 1487 2110 τοῦ
1528 2041 1705 2110 υἱοῦ
1749 2037 1897 2128 τὴν
1950 2046 2289 2129 γένεσιν,
2344 2047 2473 2110 καὶ
2532 2041 2629 2131 μὴ
2682 2040 2946 2126 πάθος

455 2134 874 2227 ἀποφῆναι
917 2146 1064 2210 τοῦ
1106 2144 1305 2211 θεοῦ
1349 2137 1480 2227 τὴν
1532 2135 1794 2226 γονήν.
1884 2131 2078 2227 ὅπερ
2122 2143 2196 2210 οἱ
2248 2140 2721 2226 σοφώτατοι
2782 2150 2946 2213 τῶν

453 2244 832 2328 πατέρων
885 2243 968 2310 ἐν
1011 2257 1184 2321 τοῖς
1224 2243 1555 2321 οἰκείοις
1600 2235 2142 2326 συντάγμασιν
2186 2234 2745 2330 ἀπεφήναντο,
2808 2270 2943 2329 φυ-

450 2337 884 2428 λαξάμενοι
946 2345 1112 2411 τῶν
1173 2343 1614 2429 αἱρετικῶν
1676 2336 1824 2426 τὴν
1894 2333 2291 2426 ἀσέβειαν,
2355 2343 2431 2412 οἳ
2480 2340 2945 2430 σωματικήν

450 2467 638 2510 τινα
695 2446 824 2510 καὶ
867 2437 1333 2528 παθητικὴν
1390 2435 2005 2524 κατεψεύσαντο
2058 2445 2203 2510 τοῦ
2246 2446 2440 2510 θεοῦ
2484 2438 2633 2530 τὴν
2676 2467 2945 2512 τεκνο-

237 2555 300 2611 20
449 2547 757 2627 γονίαν,
804 2538 948 2622 τὰς
989 2537 1398 2628 προβολὰς
1442 2542 2080 2626 δογματίζοντες.

327 2645 436 2708 καὶ
475 2636 653 2727 πρὸς
698 2637 952 2721 ταύτας
995 2644 1067 2708 δὲ
1111 2636 1234 2720 τὰς
1279 2634 1518 2723 φωνὰς
1569 2636 1838 2727 πολλὴν
1868 2639 2016 2727 ἑξῆς
2045 2657 2341 2711 ποιεῖται
2372 2639 2503 2730 τὴν
2534 2634 2943 2730 ἀντίρρησιν,
2979 2658 3045 2711 11

327 2735 475 2891 μεθ’
532 2738 622 2830 ἢν
664 2735 1103 2813 ἐπισυνάπτει
1146 2743 1367 2826 λέγων

213 2859 254 2914 ἢ
361 2844 588 2949 (Nr.
627 2846 732 2928 30)
786 2836 966 2910 ωστε
1009 2842 1461 2927 συνηγορῆσαι
1514 2834 1810 2927 Ευσεβίῳ
1865 2845 2093 2921 κακῶς
2145 2835 2490 2927 γράψαντι
2533 2838 2946 2931 βουλόμενος

391 2908 808 3027 Ἀστέριος,
857 2936 1169 3025 φύσεώς
1210 2966 1296 3009 τε
1339 2936 1646 3025 πατρὸς
1687 2944 1819 3009 καὶ
1864 2936 2174 3024 φύσεως
2234 2934 2748 3028 [ἀ]γεννητοῦ
2788 2970 2947 3030 μνη-

236 3052 296 3107 25
444 3036 798 3128 μονεύσας,
844 3036 1050 3122 αυτὸς
1094 3040 1338 3109 ἑαυτοῦ
1373 3036 1754 3129 κατήγορος
1798 3045 2088 3126 γέγονεν.
2160 3037 2337 3109 πολὺ
2380 3038 2506 3127 γὰρ
2548 3046 2819 3123 βέλτιον
2862 3032 2948 3130 ἦν

445 3138 540 3209 τὸ
586 3134 838 3223 βάθος
893 3144 1036 3210 τοῦ
1090 3134 1494 3227 νοήματος
1539 3134 1950 3223 Ευσεβίου,
2016 3167 2112 3219 ως
2172 3133 2379 3221 αὐτὸς
2442 3144 2803 3229 γέγραφεν,
2864 3147 2947 3212 ἐν

446 3246 936 3331 βραχυλογίᾳ
961 3246 1335 3327 κείμενον
1365 3233 1816 3323 ἀνεξέταστον
1841 3248 2263 3322 καταλιπεῖν,
2292 3232 2337 3325 ἢ
2366 3238 2654 3327 τοιαύτῃ
2685 3249 2948 3332 θεωρίᾳ

444 3336 870 3428 χρησάμενον
913 3335 995 3408 τὸ
1039 3344 1431 3427 πανοῦργον
1476 3344 1603 3409 τοῦ
1645 3334 2035 3427 γράμματος
2077 3340 2168 3419 εἰς
2212 3344 2364 3425 φῶς
2405 3334 2693 3426 ἀγαγεῖν.

324 3443 434 3507 καὶ
473 3433 632 3521 μεθ’
679 3438 875 3526 ἕτερα
918 3442 1208 3526 ἐπιλέγει
2977 3474 3047 3529 12

232 3550 296 3607 30
343 3560 374 3608 2
445 3541 588 3624 (Nr.
624 3544 688 3623 3)
730 3543 879 3609 νυνὶ
933 3542 1004 3608 δὲ
1053 3535 1476 3627 ἐξετάσωμεν
1536 3537 1609 3607 ἓν
1660 3566 1729 3609 τι
1779 3536 1995 3627 ρητὸν
2036 3542 2187 3607 τῶν
2228 3532 2363 3607 υπὸ
2404 3531 2743 3626 Ἀστερίου
2790 3567 2942 3628 γρα-

339 3644 764 3725 εἲ’Ὕρέντων
828 3640 958 3727 ἔφη
1011 3636 1135 3726 γὰρ
1189 3628 1423 3721 οὗτος·
1503 3636 1749 3719 ἄλλος
1801 3644 1941 3725 μὲν
1992 3633 2135 3725 γάρ
2190 3639 2411 3707 ἐστιν
2470 3631 2508 3706 5
2562 3634 2847 3727 πατήρ,
2903 3634 2940 3710 5

501 3878 530 3932 7
592 3874 701 3945 vgl.
723 3872 822 3928 Νι.
837 3874 904 3929 59
937 3902 1006 3913 --
1043 3874 1166 3928 121
1213 3874 1325 3945 vgl.
1349 3874 1441 3928 Nr.
1465 3877 1532 3931 68
1567 3892 1617 3928 a.
1642 3874 1704 3931 E.
1743 3904 1807 3913 --—
1847 3872 1995 3929 13st
2042 3872 2153 3943 vgl.
2192 3872 2503 3928 Theodoret
2526 3875 2581 3927 h.
2618 3890 2662 3931 e.
2704 3878 2801 3941 1,5
2837 3874 2943 3943 (ed.

330 3975 612 4033 Gaisford:
649 3976 806 4031 Brief
842 3975 894 4031 d.
929 3976 1198 4031 Eusebius
1241 3994 1291 4029 v.
1333 3974 1694 4033 Nicomedien
1737 3993 1811 4029 an
1856 3974 2120 4029 Paulinus
2155 3993 2205 4029 v.
2240 3974 2459 4043 Tyrus):
2523 3968 2651 4031 οὔτε
2688 3975 2799 4047 γὰρ
2836 3975 2942 4032 δύο

328 4074 608 4148 ἀγέννητα
633 4074 980 4146 ἀκηκόαμεν,
1018 4072 1148 4135 οὔτε
1183 4072 1246 4133 ἓν
1271 4074 1352 4143 εἰς
1374 4077 1472 4135 δύο
1498 4079 1853 4151 διῃρημένον,
1893 4074 2023 4134 οὐδὲ
2059 4075 2456 4145 σωματικόν
2489 4095 2553 4133 τι
2588 4078 2946 4145 πεπονθὸς

325 4182 745 4249 μεμαθήκαμεν
781 4218 950 4234 .....
987 4174 1149 4235 οὐδὲν
1193 4178 1306 4253 γάρ
1359 4176 1509 4237 ἐστιν
1563 4178 1628 4237 ἐκ
1677 4186 1776 4249 τῆς
1812 4178 2011 4245 οὐσίας
2055 4176 2254 4246 αὐτοῦ,
2306 4176 2528 4235 πάντα
2580 4178 2651 4237 δὲ
2700 4182 2941 4251 βουλή·

325 4300 490 4349 ματι
543 4278 756 4338 αὐτοῦ
806 4271 1156 4351 γενόμενα
1199 4274 1448 4338 ἕκαστον
1483 4278 1564 4349 ὥς
1596 4284 1696 4338 καὶ
1729 4280 1957 4353 ἐγένετο
1993 4277 2143 4337 ἐστιν
2189 4308 2253 4321 -·
2302 4281 2427 4337 311
2466 4280 2579 4351 vgl.
2616 4280 2805 4339 Nr.85

497 4466 528 4520 7
571 4462 779 4535 ταύτην
814 4465 888 4519 Kl
905 4465 1018 4535 vgl.
1039 4466 1088 4520 S.
1103 4466 1182 4533 18,
1204 4467 1270 4522 35
1309 4468 1320 4533 Ι
1360 4466 1434 4521 11
1477 4464 1650 4533 αὐτὸς
1682 4485 1739 4520 m
1776 4462 1969 4531 αὐτοῖς
2001 4466 2053 4519 V
2082 4466 2093 4533 Ι
2124 4462 2571 4533 συνεσταλμένος
2604 4484 2659 4519 m
2698 4468 2815 4533 (-ως
2836 4466 2940 4534 mr)

333 4571 337 4624 ἶ
379 4568 459 4623 18
496 4564 848 4637 ἀπαγγελίας
865 4566 940 4620 V¹
971 4570 980 4636 Ι
1014 4568 1088 4623 15
1124 4566 1384 4638 γέννησιν
1407 4566 1488 4623 Re
1539 4570 1548 4636 Ι
1601 4568 1680 4624 24
1719 4574 1991 4641 γεννητοῦ
2015 4568 2096 4622 Re
2148 4570 2157 4636 Ι
2212 4567 2287 4622 25
2327 4562 2529 4622 ὲαιτοῦ
2550 4565 2657 4621 We
2681 4560 2941 4640 ἑαυτῷν

335 4673 338 4688 “
395 4668 472 4725 26
506 4665 693 4741 βάθος
724 4668 808 4724 Re
851 4662 1097 4735 oxo'tog‘?
1133 4668 1238 4725 We
1273 4666 1464 4735 πάθος
1501 4670 1547 4724 V
2482 4752 2553 4806 2*
