3694 5582
1102 487 1172 542 de
1206 486 1579 543 ecclesiastiea
1613 487 1899 558 theologia
1932 489 1986 542 11
2022 489 2238 544 16—18.
2858 493 2972 556 121

366 654 474 719 καὶ
519 646 732 736 φάναι
774 654 902 721 τοῦ
943 646 1101 740 παρ’
1141 659 1150 740 Ι
1189 647 1347 741 ἡμῖν
1383 648 1592 775 λόγου
1633 657 1897 773 πατέρα
1940 653 2111 722 εἶναι
2147 650 2277 724 τὸν
2306 657 2492 735 νοῦν,
2540 650 2777 742 ἕτερον
2808 642 2980 722 ὄντα
3016 661 3135 718 128

365 746 548 835 παρὰ
592 747 717 820 τὸν
760 748 988 838 λόγον.
1073 749 1200 822 τὸν
1243 759 1365 842 μὲν
1409 752 1535 841 γὰρ
1579 758 1764 836 νοῦν,
1811 744 1998 834 ὅστις
2040 757 2217 825 ποτὲ
2255 757 2366 823 καὶ
2420 745 2660 835 ὁποῖος
2703 743 2807 822 ὢν
2850 749 2979 840 τὴν

368 842 600 918 οῦσίαν
640 844 948 938 υπάρχει,
1001 846 1218 934 οὐδεὶς
1259 851 1553 924 πώποτε
1595 847 2006 941 ἀνθρώπων
2050 855 2253 939 εγνω,
2298 851 2600 934 βασιλεὺς
2641 846 2707 921 δ’
2754 849 2865 923 οἶα
2908 854 2983 922 ἐν

368 941 780 1038 ἀπορρήτοις
823 955 981 1022 εισω
1026 969 1172 1033 τοῖς
1213 946 1427 1022 αῦτοῦ
1471 958 1770 1040 ταμείοις
1814 954 2165 1042 ἱδρυμένος
2204 949 2289 1022 τὰ
2327 955 2635 1037 πρακτέα
2674 947 2978 1038 βουλεύε-

307 1057 336 1112 5
367 1069 502 1118 ται·
546 1041 585 1118 6
629 1043 696 1118 δ’
738 1053 810 1136 ἐξ
851 1047 1066 1121 αὐτοῦ
1107 1048 1310 1141 λόγος
1355 1049 1464 1122 οἶα
1491 1050 1755 1140 πατρὸς
1799 1056 1870 1138 ἐξ
1912 1047 2188 1123 ἀδύτων
2232 1056 2466 1138 μυχῶν
2506 1055 2981 1139 γεγεννημένος

368 1163 512 1228 τοῖς
541 1146 738 1230 ἐκτὸς
765 1153 976 1220 πᾶσιν
1014 1155 1423 1223 καθίσταται
1453 1149 1809 1240 γνώριμος.
1880 1146 2009 1222 εἶθ’
2056 1154 2123 1222 οἱ
2164 1155 2287 1238 μὲν
2316 1154 2391 1220 ἐκ
2433 1156 2559 1239 τῆς
2600 1155 2727 1222 τοῦ
2770 1146 2983 1238 λόγου
3013 1158 3047 1211 5

365 1244 991 1336 μεταλαμβάνουσιν
1035 1247 1385 1337 ωφελείας,
1430 1248 1560 1322 τόν
1603 1246 1668 1321 δ’
1715 1244 1945 1339 ἀφανῆ
1988 1255 2101 1320 καὶ
2144 1245 2451 1337 ἀόρατον
2494 1255 2679 1334 νοῦν,
2725 1246 2854 1319 τὸν
2897 1247 2979 1338 δὴ

369 1352 493 1417 τοῦ
532 1342 742 1436 λόγου
785 1354 1066 1437 πατέρα,
1113 1345 1331 1432 οὐδεὶς
1371 1349 1662 1422 πώποτε
1706 1348 1897 1420 εἶδεν.
1982 1347 2158 1420 κατὰ
2202 1347 2290 1419 τὰ
2334 1344 2507 1419 αὐτὰ
2551 1345 2662 1438 δή,
2714 1353 2981 1438 μᾶλλον
3014 1357 3048 1412 6

367 1441 430 1516 δ’
473 1451 787 1518 ἐπέκεινα
828 1445 1049 1538 πάσης
1095 1445 1360 1532 εἰκόνος
1404 1477 1478 1520 τε
1521 1454 1630 1520 καὶ
1661 1452 2224 1537 παραδείγματος,
2270 1443 2308 1519 6
2354 1453 2482 1520 τοῦ
2509 1454 2983 1537 παμβασιλέως

275 1561 337 1616 10
367 1550 536 1619 θεοῦ
581 1552 838 1629 τέλειος
882 1543 1113 1636 λόγος,
1177 1545 1260 1622 οῦ
1310 1547 1486 1621 κατὰ
1539 1545 1668 1620 τὸν
1710 1546 2147 1636 προφορικὸν
2188 1543 2595 1633 ἀνθρώπων
2636 1542 2849 1636 λόγον
2908 1551 2984 1618 ἐκ

366 1654 725 1733 συλλαβῶν
764 1654 878 1718 καὶ
921 1644 1250 1738 ρημάτων
1291 1655 1403 1720 καὶ
1449 1641 1817 1737 ὀνομάτων
1862 1656 2307 1738 συγκείμενος,
2352 1647 2463 1720 οἷα
2507 1653 2580 1719 δὲ
2606 1646 2983 1737 μονογενὴς

367 1751 494 1817 τοῦ
534 1752 707 1817 θεοῦ
747 1745 892 1829 υἱὸς
939 1755 1078 1834 ζῶν
1119 1755 1231 1819 καὶ
1273 1744 1585 1835 ῦφεστῶς
1627 1743 1935 1835 πρόεισιν
1976 1754 2101 1837 μὲν
2130 1753 2253 1838 τῆς
2282 1752 2617 1836 πατρικῆς
2648 1742 2986 1836 θεότητός

367 1873 442 1916 τε
484 1851 597 1917 καὶ
649 1854 1012 1932 βασιλείας,
1073 1843 1348 1938 ἑπάρδει
1407 1853 1481 1919 δὲ
1533 1853 1636 1936 τῶ
1681 1845 2024 1934 σύμπαντι
2065 1843 2298 1937 κόσμῳ
2342 1845 2467 1930 τὰς
2508 1851 2579 1934 ἐξ
2620 1842 2837 1919 αὐτοῦ
2876 1873 2985 1936 χο·

366 1951 624 2033 ρηγίας,
689 1951 868 2034 ζωῆς
926 1954 1040 2019 καὶ
1101 1943 1340 2066 λόγου
1369 1954 1480 2018 καὶ
1533 1954 1778 2034 σοφίας
1818 1953 1931 2018 καὶ
1976 1945 2215 2034 φωτὸς
2255 1955 2367 2019 καὶ
2409 1942 2674 2029 παντὸς
2718 1941 2987 2034 ἀγαθοῦ

274 2062 334 2116 15
365 2051 719 2133 μετουσίας
766 2063 911 2128 τοῖς
954 2065 1267 2135 γενητοῖς
1309 2040 1564 2119 ἀπασιν
1605 2045 2087 2137 ἐπιλιμνάζων,
2150 2053 2278 2119 τοῦ
2335 2045 2599 2136 πατρὸς
2650 2053 2763 2118 καὶ
2816 2051 2987 2117 θεοῦ

368 2151 517 2214 τῶν
577 2136 768 2215 όλων
827 2149 1135 2218 ἐπέκεινα
1195 2140 1401 2230 ὄντος
1461 2141 1776 2266 ἀλήπτου
1835 2175 1911 2217 τε
1969 2154 2083 2218 καὶ
2142 2143 2507 2237 ἀχωρήτου
2567 2161 2714 2229 τοῖς
2755 2151 2983 2228 πᾶσιν,

365 2242 542 2315 κατὰ
603 2243 730 2316 τὸν
791 2241 1018 2335 ἀφανῆ
1080 2252 1192 2317 καὶ
1253 2242 1557 2336 ἀόρατον
1617 2253 1810 2334 νοῦν,
1881 2242 2040 2335 παρ’
2102 2239 2140 2316 ὃ
2192 2254 2307 2316 καὶ
2367 2252 2557 2332 »φῶς
2606 2249 2716 2317 70⁸
2771 2249 2985 2315 οἰκῶν

367 2339 780 2432 ἀπρόσιτον(
830 2350 1154 2417 λέλεκται.
1229 2341 1390 2418 ἀλλ’
1437 2340 1476 2416 6
1535 2374 1675 2465 μεν.
1719 2340 2093 2432 ἀπρόσιτος
2152 2351 2265 2416 καὶ
2326 2339 2683 2434 ἀχῶρητος
2743 2347 2843 2433 ειη
2899 2371 2985 2414 αν
3018 2360 3051 2437 7

369 2459 516 2525 τοῖς
557 2447 766 2514 πᾶσιν
809 2439 848 2514 6
892 2443 1142 2534 πατήρ,
1189 2438 1229 2515 6
1273 2451 1344 2517 δὲ
1389 2464 1536 2528 τοῖς
1579 2451 1787 2517 πᾶσιν
1829 2449 2101 2534 ἐγγίων,
2158 2474 2280 2516 ατε
2332 2443 2414 2563 δή
2458 2443 2547 2516 τὰ
2588 2440 2819 2516 πάντα
2859 2471 2986 2515 πα·
3019 2462 3025 2493 ¹

271 2558 336 2614 20
368 2548 584 2632 τρικῷ
645 2541 924 2632 νεύματι
984 2550 1444 2634 διακυβερνῶν
1505 2545 1638 2634 (διὸ
1693 2541 1774 2617 οῦ
1815 2552 1967 2634 περὶ
2012 2550 2140 2618 τοῦ
2180 2541 2471 2632 πατρός,
2531 2548 2689 2632 περὶ
2747 2547 2819 2614 δε
2862 2547 2987 2614 τοῦ

365 2645 520 2713 υἱοῦ
561 2648 874 2714 λέλεκται
917 2639 1000 2713 τὸ
1049 2647 1162 2714 »ἐν
1191 2649 1292 2733 τῷ
1335 2641 1571 2735 κόσμῳ
1603 2636 1706 2736 ἦν,
1750 2652 1864 2715 καὶ
1907 2639 1947 2716 6
1976 2642 2228 2734 κόσμος
2258 2639 2350 2714 δι’
2382 2638 2595 2714 αὐτοῦ
2622 2647 3027 2731 ἐγένετο«)’“

365 2748 480 2814 καὶ
509 2733 549 2813 6
578 2747 702 2831 μὲν
730 2735 1124 2815 ἐπέκειναῗ
1086 2771 1173 2865 ην
1216 2751 1364 2817 τῶν
1408 2737 1595 2817 ὅλων
1635 2751 1749 2817 καὶ
1789 2741 1961 2833 υπὲρ
2003 2741 2235 2816 πάντα
2277 2749 2466 2830 »φῶς
2494 2747 2709 2815 οἰκῶν
2740 2739 2987 2833 ἀπρόσ-

367 2870 594 2927 ιτονι,
649 2836 688 2913 6
742 2848 814 2913 δὲ
867 2840 978 2915 διὰ
1023 2840 1316 2916 πάντων
1357 2852 1470 2917 καὶ
1523 2850 1598 2917 ἐν
1641 2850 1850 2917 πᾶσιν
1890 2850 2295 2934 κηδεμονικῇ
2356 2839 2615 2934 διήκων
2674 2850 2987 2934 προνοία,

370 2971 468 3025 ως
509 2940 686 3013 κατὰ
731 2947 944 3015 τοῦτο
986 2940 1206 3031 μόνον
1233 2940 1420 3035 αὐτῷ
1455 2942 1956 3035 συμβάλλεσθαι
1985 2944 2115 3034 τὴν
2144 2948 2272 3015 τοῦ
2300 2938 2743 3032 ἀνθρωπείου
2778 2939 3010 3033 λόγου,

269 3060 333 3114 25
369 3037 617 3113 εἰκόνα.
717 3037 892 3113 ἀλλὰ
953 3041 1080 3131 γὰρ
1141 3041 1418 3117 τούτων
1477 3040 1637 3135 ἡμῖν
1699 3042 2313 3133 ἀποδεδειγμένων,
2384 3040 2565 3124 εἰκός
2625 3070 2782 3114 τινα
2842 3048 2991 3113 τῶν

367 3147 787 3229 φιλομαθῶν
829 3145 1124 3227 ἐρωτᾶν.

533 3246 620 3315 18
661 3238 769 3312 διὰ
815 3247 884 3311 τί
926 3245 997 3312 δε
1040 3240 1168 3313 τὸν
1208 3248 1544 3334 μονογενῆ
1587 3242 1739 3315 υἱὸν
1782 3250 1911 3317 τοῦ
1950 3248 2122 3315 θεοῦ
2166 3237 2535 3331 ἀρχόμενος
2577 3246 2701 3329 τῆς
2746 3241 2991 3312 ἑαυτοῦ
3024 3280 3115 3339 dc&
3162 3283 3217 3337 τί
3266 3282 3359 3337 λό

366 3345 634 3430 γραφῆς
678 3334 717 3410 6
763 3336 1250 3432 εὖαγΙγελιστὴς
1291 3340 1504 3432 λόγον
1549 3340 2022 3432 ἀνεφώνησεν,·
2072 3339 2247 3429 πρὸς
2291 3333 2373 3411 ὁν
2416 3334 2763 3427 ἐροῦμεν“
2742 3336 2851 3410 ότι
2882 3339 2990 3411 διὰ
3030 3350 3144 3406 129
3256 3368 3364 3418 γον

367 3440 493 3523 τὰς
566 3436 1040 3528 ἀνακρύπτους
1107 3439 1321 3513 πάλαι
1381 3449 1534 3531 περὶ
1594 3440 1808 3513 αυτοῦ
1867 3446 2303 3528 προφητείας.
2408 3437 2636 3527 ἐπειδὴ
2699 3437 2823 3527 γὰρ
2882 3432 2988 3525 ἐφ’
3026 3414 3361 3541 τᾞζοζῆἶεᾎ

267 3554 336 3609 30
367 3534 636 3629 εκάστῳ
679 3536 1007 3629 προφήτῃ
1074 3538 1316 3628 »λόγος
1373 3550 1614 3630 κυρίου
1672 3535 1747 3624 ὃς
1807 3536 2136 3629 ἐγενήθη(
2205 3544 2368 3627 φέρε
2432 3536 2641 3625 »πρὸς
2680 3532 2983 3609 Ἡσαΐαν(
3058 3551 3159 3610 εὐα
3238 3557 3339 3609 ελι·

367 3644 634 3729 εἴρηται
690 3645 804 3709 καὶ
879 3634 1084 3761 »ἀρχη
1147 3638 1356 3728 λόγου
1411 3650 1652 3731 κυρίου
1711 3646 1786 3712 ἐν
1843 3636 2069 3729 ’.Ωσηέι
2134 3644 2247 3710 καὶ
2312 3634 2551 3725 »λόγος
2608 3645 2845 3724 κυρίου
2917 3628 2993 3719 ὃς
3028 3620 3364 3745 π’)ξνοθξὲ·

367 3734 664 3828 ἐγενήθη
721 3734 896 3827 πρὸς
935 3734 1162 3828 Ἰωήλ(
1227 3746 1340 3812 καὶ
1410 3745 1712 3830 »ἐγένετο
1767 3736 1973 3829 λόγος
2014 3746 2253 3828 κυρίου
2310 3736 2486 3825 πρὸς
2527 3732 2819 3820 ’Ῑωνᾶν«,
2879 3743 2993 3806 καὶ
3027 3706 3369 3811 ῗιὲαυτῖῦκ

373 3835 589 3928 »πρὸς
632 3846 962 3925 Μιχαίαν(
1013 3834 1282 3928 ὁμοίως,
1326 3844 1438 3910 καὶ
1481 3839 1654 3930 πρὸς
1697 3840 1863 3922 τοὺς
1907 3838 2191 3922 λοιποὺς
2232 3833 2596 3926 προφήτας
2637 3847 2994 3925 παραπλη-
3084 3828 3321 3895 γραφῆς·

371 3946 539 4021 σίως
581 3932 686 4023 ἐφ’
735 3933 998 4027 ἑκάστῳ
1042 3936 1368 4029 προφήτῃ
1414 3938 1495 4010 τὸ
1539 3942 1806 4028 ἐγένετο
1851 3944 2252 4030 προσέκειτο
2298 3942 2447 4025 (τῆς
2492 3941 2688 4017 θείας
2728 3939 2995 4024 γραφῆς

266 4050 338 4105 35
373 4033 668 4126 ἀκριβῶς
710 4043 822 4107 καὶ
869 4032 1252 4125 ἀναγκαίως
1295 4042 1903 4130 ἐπισημαινομένης
1932 4035 2029 4123 ῶς
2059 4042 2135 4109 ἐν
2162 4032 2388 4109 ουδενὶ
2432 4040 2581 4105 τῶν
2607 4040 2997 4124 προφητῶν

551 4257 1052 4323 171'1'im.6,16
1104 4288 1172 4299 -
1223 4258 1299 4314 21
1339 4259 1462 4315 Joh.
1499 4263 1547 4324 1,
1585 4260 1752 4315 10-
1806 4256 2124 4314 221'1'im.
2160 4258 2207 4325 6,
2245 4258 2311 4313 16
2348 4282 2414 4297 -—
2460 4256 2539 4311 80
2575 4254 2996 4321 Jos.2,1‘.>-

381 4358 455 4414 81
495 4358 627 4415 Hos.
663 4363 710 4424 1,
746 4360 780 4414 2
815 4390 882 4399 —
914 4361 1038 4415 Joel
1077 4364 1124 4423 1,
1162 4364 1192 4416 1
1230 4389 1295 4400 —
1331 4360 1410 4419 32
1449 4360 1592 4415 Jona
1628 4363 1676 4427 1,
1714 4363 1742 4413 1
1780 4389 1845 4398 —
1884 4359 1965 4415 88
2000 4359 2187 4414 Micha.
2221 4360 2269 4427 1,
2304 4362 2333 4413 1

551 4561 626 4617 1⁹
662 4556 837 4631 ἐγγίω
871 4560 971 4630 V*‚
1008 4577 1144 4617 corr.
1184 4560 1262 4615 V²
1322 4562 1334 4630 Ι
1398 4562 1479 4616 20
1535 4558 1770 4628 νεύματι
1806 4559 1890 4615 Ga
1942 4560 2057 4629 vgl.
2094 4559 2144 4613 S.
2183 4560 2299 4625 155,
2335 4560 2365 4611 1
2412 4554 2695 4625 πνεύματι
2730 4554 2782 4609 V
2844 4556 2855 4623 Ι
2920 4554 3000 4609 24

381 4658 554 4717 αὐτὸν
589 4660 655 4727 V,
692 4678 830 4717 corr.
867 4662 961 4717 Mo
1025 4666 1034 4731 Ι
1102 4662 1182 4718 80
1217 4657 1454 4735 ἑκάστῳ]
1493 4670 1558 4727 -Ι-
1595 4663 1798 4732 σχεδὸν
1831 4660 1925 4716 Mo
1989 4664 1999 4729 Ι
2064 4660 2143 4716 84
2178 4659 2245 4715 τὸ
2284 4660 2360 4713 V²
2392 4677 2454 4715 τε
2490 4658 2573 4712 V*
