3694 5582
703 469 819 532 106
1872 461 2140 516 Eusebius

697 631 994 696 δέδωκεν
1038 633 1140 715 τῷ
1187 629 1343 716 υἱῷ,
1405 625 1520 697 ἵνα
1571 621 1825 707 πάντες
1880 631 2165 714 τιμῶσιν
2208 621 2335 695 τὸν
2380 621 2532 694 υἱὸν
2572 623 2812 706 καθώς
2855 631 3144 712 τιμῶσιν
3188 623 3315 696 τὸν

697 731 1017 812 πατέραι,
1065 721 1432 816 διαρρήδην
1473 720 2101 814 παρακελευόμενος
2130 728 2335 813 τιμᾶν
2366 720 2580 795 αύτόν
2608 722 2699 812 μὴ
2730 718 2985 812 ὁμοίως
3012 729 3124 798 64*
3168 745 3313 807 τοῖς

695 822 1086 915 προφήταις
1129 820 1287 915 μηδ’
1333 821 1589 914 ὁμοίως
1631 820 1941 912 ἀγγέλοις
1984 819 2027 912 ἢ
2073 843 2219 907 ταῖς
2273 821 2549 894 τούτων
2600 821 3071 911 διαφερούσαις
3114 822 3309 895 δυνά-

694 947 901 1011 μεσιν,
949 920 1095 996 ἀλλ’
1141 922 1329 1015 αύτῷ
1377 931 1480 1014 τῷ
1523 931 1734 1013 πατρὶ
1761 931 2272 1012 παραπλησίως.
2346 927 2559 995 τοῦτο
2593 921 2719 1014 γὰρ
2764 918 2971 1005 αὐτὸς
3013 917 3052 993 6
3082 923 3308 1012 πατὴρ

626 1041 658 1094 5
694 1033 1058 1113 βουληθεὶς
1116 1029 1378 1096 »πᾶσαν
1430 1021 1560 1110 τὴν
1611 1029 1830 1110 κρίσιν
1885 1028 2183 1094 δέδωκεν
2225 1030 2329 1113 τῷ
2375 1026 2523 1114 υἱῷ,
2570 1025 2679 1093 ἵνα
2722 1017 2979 1106 πάντες
3022 1029 3309 1111 τιμῶσιν

695 1121 908 1195 αὐτὸν
968 1125 1206 1207 καθῶς
1267 1129 1510 1213 τιμῶσι
1574 1120 1702 1193 τὸν
1763 1127 2084 1209 πατέρας.
2186 1119 2230 1194 ἃ
2292 1123 2376 1212 δὴ
2435 1131 2547 1193 καὶ
2611 1127 2862 1211 Θωμᾶς
2922 1116 2961 1192 6
3026 1126 3307 1210 Δίδυμος
3344 1143 3413 1196 15

691 1220 984 1312 ἀκριβῶς
1027 1221 1488 1313 ἐπιστάμενος,
1532 1249 1655 1293 ατε
1697 1227 1826 1294 τοῦ
1862 1227 2074 1312 χοροῦ
2118 1228 2265 1293 τῶν
2309 1221 2569 1294 δώδεκα
2608 1222 2906 1311 γεγονῶς
2948 1228 3305 1310 μαθητῶν,

695 1333 1028 1413 λαμπροῖς
1070 1320 1358 1413 ῥήμασιν
1399 1329 1512 1392 καὶ
1556 1320 1728 1394 θεὸν
1781 1318 1998 1392 αὐτὸν
2048 1328 2160 1393 καὶ
2202 1320 2441 1412 κύριον
2482 1318 2903 1410 ἐπεγράφετο
2955 1325 3177 1408 λέγων
3235 1317 3309 1392 »6

689 1418 924 1513 κύριός
965 1451 1098 1512 μου
1141 1429 1253 1493 καὶ
1299 1416 1336 1492 6
1380 1418 1545 1504 θεός
1587 1431 1775 1510 μουᾈι
1861 1420 1967 1492 διὸ
2029 1421 2112 1512 δὴ
2162 1429 2275 1492 καὶ
2330 1417 2500 1511 ἡμᾶς
2552 1419 2882 1510 προσήκει
2923 1420 3139 1507 μόνον
3184 1420 3311 1492 τὸν

590 1536 656 1591 10
689 1521 840 1594 υἱὸν
881 1530 994 1593 καὶ
1037 1527 1288 1612 μηδένα
1335 1523 1570 1609 ἕτερον
1611 1527 1809 1610 θεῖκῇ
1856 1527 2015 1609 τιμῇ
2070 1529 2314 1606 σέβειν,
2374 1521 2615 1604 καθῶς
2676 1526 2973 1609 τιμῶμεν
3014 1519 3143 1592 τὸν
3186 1551 3306 1592 πα·

691 1627 879 1711 τέρα,
939 1627 1053 1692 καὶ
1113 1626 1189 1694 ἒν
1251 1619 1481 1709 τούτῳ
1528 1627 1656 1693 τοῦ
1697 1619 1963 1708 πατρὸς
2008 1618 2116 1692 διὰ
2160 1625 2287 1691 τοῦ
2328 1623 2481 1692 υιοῦ
2523 1625 2931 1709 τιμωμένου·
2986 1613 3025 1690 ὃ
3070 1620 3153 1710 δὴ
3194 1629 3305 1692 καὶ
3344 1639 3411 1692 16

689 1717 859 1792 αύτὸ
907 1719 1200 1793 διδάσκει
1245 1727 1468 1810 λέγων
1525 1716 1599 1792 »6
1656 1727 1877 1809 τιμῶν
1930 1717 2057 1790 τὸν
2110 1717 2261 1790 υἱὸν
2304 1723 2465 1810 τιμᾷ
2508 1717 2638 1790 τὸν
2680 1724 2943 1809 πατέρα
2984 1717 3112 1790 τὸν
3150 1726 3309 1808 πέμ-

689 1841 924 1906 ψαντα
969 1817 1242 1892 αὖτόνι
1330 1818 1560 1910 ῶσπερ
1605 1818 1730 1907 γὰρ
1773 1826 1887 1890 καὶ
1929 1825 2256 1902 βασιλέως
2296 1829 2903 1907 καταπεμφθετσαν
2944 1815 3172 1890 εἰκόνα
3216 1847 3309 1890 τι-

687 1928 956 2009 μῶντες
1001 1918 1084 1991 τὸ
1129 1916 1597 2007 πρωτότυπον
1629 1923 1752 2007 τῆς
1781 1915 2046 2001 εἰκόνος
2073 1914 2287 1990 αὐτὸν
2316 1947 2403 1988 αν
2431 1915 2826 2008 τιμήσαιμεν
2864 1917 2991 1990 τὸν
3018 1925 3304 2003 βασιλέα,

586 2032 652 2084 15
690 2017 818 2090 τὸν
861 2017 1077 2091 αὐτὸν
1121 2014 1386 2106 τρόπον
1437 2012 1475 2088 6
1519 2017 1748 2107 πατὴρ
1794 2046 1880 2088 αν
1923 2022 2021 2106 εἴη
2065 2015 2175 2087 διὰ
2221 2023 2347 2089 τοῦ
2389 2021 2540 2088 υἱοῦ
2582 2020 2988 2108 τιμώμενος,
3054 2015 3149 2101 ῶς
3192 2025 3303 2088 καὶ

690 2116 781 2191 δι>
835 2117 1048 2192 αὐτοῦ
1091 2113 1452 2207 ὁρώμενος.
1545 2112 1653 2188 ›6‹
1723 2115 1846 2206 γὰρ
1914 2118 2304 2206 »ἑωρακῶςι
2374 2115 2505 2187 τὸν
2561 2115 2711 2188 υἱὸν
2778 2117 3113 2206 »ἑώρακεν
3175 2115 3303 2188 τὸν
3337 2141 3403 2192 17

685 2226 1010 2307 πατέραι,
1059 2217 1188 2308 τὴν
1231 2214 1612 2307 ἀγέννητον
1655 2214 1991 2306 θεότητα,
2056 2217 2166 2288 οἶα
2228 2220 2302 2287 ἐν
2356 2214 2568 2288 εἰκόνι
2608 2225 2720 2288 καὶ
2762 2213 3165 2308 κατόπτρῳ,
3226 2221 3301 2287 ἐν

687 2325 788 2409 τῷ
861 2321 986 2407 υἱῷ
1060 2325 1726 2408 χαρακτηριζομένην
1797 2312 2008 2405 ὁρῶν·
2100 2312 2539 2406 »ἀπαύγασμα
2608 2313 2736 2407 γάρ
2808 2322 2993 2389 ἐστιν
3066 2313 3303 2403 φωτὸς

683 2413 930 2500 ἀιδίου,
975 2424 1087 2487 καὶ
1133 2421 1469 2503 ἔσοπτρον
1513 2412 1947 2504 ἀκηλίδωτον
2000 2421 2123 2504 τῆς
2168 2421 2295 2489 τοῦ
2338 2422 2506 2488 θεοῦ
2548 2419 2898 2506 ἐνεργείας,
2942 2423 3054 2486 καὶ
3098 2416 3303 2487 εἰκῶν

579 2527 648 2580 20
685 2521 806 2605 τῆς
849 2511 1283 2605 ἀγαθότητος
1327 2511 1597 2586 αύτοῦι.
1665 2511 1897 2586 πάντα
1960 2519 2033 2586 δὲ
2084 2521 2303 2586 ταῦτα
2343 2514 2527 2638 παρὰ
2572 2523 2699 2587 τοῦ
2740 2515 3003 2603 πατρὸς
3045 2515 3297 2602 λαβών,

681 2619 752 2701 ἐξ
805 2612 1016 2686 αὐτοῦ
1083 2643 1154 2686 τε
1215 2622 1327 2684 καὶ
1381 2620 1504 2701 τῆς
1555 2609 1897 2703 θεότητος
1950 2614 2081 2705 τὴν
2124 2613 2359 2700 δόξαν,
2414 2645 2511 2697 ως
2556 2613 2642 2688 ἂν
2684 2614 2827 2700 υἱὸς
2872 2614 3145 2706 γνήσιος
3186 2622 3296 2684 καὶ

679 2713 1074 2806 μονογενής,
1119 2713 1418 2803 εἰληφως
1463 2715 1608 2802 ἔχει.
1693 2708 1842 2782 ἀλλ’
1888 2710 1971 2783 ού
2012 2721 2123 2786 καὶ
2168 2709 2205 2785 6
2248 2713 2477 2805 πατὴρ
2528 2712 2716 2803 παρά
2768 2743 2959 2799 τινος
3004 2717 3294 2834 εἴληφεν,

679 2813 974 2887 πάντων
1017 2810 1082 2885 δ’
1129 2810 1337 2896 αὐτὸς
1381 2840 1486 2883 ων
1530 2807 1699 2903 ἀρχὴ
1742 2821 1854 2884 καὶ
1896 2814 2083 2904 πηγὴ
2134 2821 2244 2885 καὶ
2289 2817 2439 2901 ῥίζα
2484 2822 2631 2886 τῶν
2674 2812 2965 2904 ἀγαθῶν
3010 2812 3295 2897 εἰκότως

678 2915 784 2997 εἷς
811 2920 922 2985 καὶ
967 2910 1174 3003 μόνος
1219 2910 1704 3001 ἀναγορεύοιτο
1753 2910 1837 2983 ἀν
1881 2910 2059 2995 θεός.
2114 2922 2124 2999 Ι
3333 2942 3451 2997 112

447 3082 486 3093 ψ
575 3026 642 3080 25
842 3020 884 3087 8
955 3011 1130 3085 ἀλλὰ
1202 3011 1480 3083 τούτων
1538 3016 1612 3083 ἐν
1675 3007 1914 3103 ἀγνοίᾳ
1976 3008 2333 3101 τυγχάνων
2377 3011 2775 3101 Μάρκελλος
2836 3010 2920 3085 ού
2976 3013 3295 3100 βούλεται
3332 3042 3546 3107 ὁποίοις
3560 3039 3635 3111 ῥίΓ

630 3120 799 3202 μὲν
844 3109 1126 3236 dan-9623
1169 3111 1296 3183 τὸν
1339 3111 1488 3183 υιὸν
1533 3116 1607 3183 ὲκ
1661 3118 1786 3183 τοῦ
1843 3109 2106 3201 πατρὸς
2166 3120 2633 3204 γεγεννῆσθαι,
2697 3111 2794 3197 ῶς
2852 3114 3005 3185 υἱὸν
3064 3120 3295 3201 ζῶντα
3328 3128 3639 3265 Μέἔὲῑῇος

311 3285 320 3295 ,
411 3264 434 3289 ι.
484 3210 504 3282 ζ
541 3246 570 3280 ι
565 3252 625 3281 ..ι
674 3220 786 3283 καὶ
829 3209 1219 3299 ὑφεστῶτα,
1265 3213 1374 3283 οἷα
1419 3217 1493 3283 δὲ
1538 3208 1748 3301 λόγον
1791 3208 2007 3282 αύτὸν
2050 3210 2469 3302 σημαντικόν
2496 3242 2685 3297 τινος
2715 3242 2755 3303 η
2788 3212 3294 3301 προστακτικὸν
3428 3252 3601 3319 emto

623 3322 1049 3401 προελθεῖν
1109 3318 1237 3383 τοῦ
1295 3318 1466 3384 θεοῦ
1527 3310 1785 3400 φάσκει.
1872 3340 2073 3383 ακουε
2133 3308 2197 3381 δ’
2261 3316 2385 3382 οὐν
2448 3309 2859 3397 ἀκαλύπτως
2918 3321 3031 3385 καὶ
3084 3321 3295 3387 τοῦτο
3366 3332 3401 3370 τ
3434 3333 3467 3368 v
3498 3309 3610 3368 νὶὼ

674 3416 999 3500 λέγοντος
1043 3408 1255 3482 αύτοῦ
1297 3417 1527 3483 ταῖσδε
1569 3430 1717 3494 ταῖς
1761 3430 2027 3499 φωναῖς
3350 3388 3455 3437 τοῦ
3484 3384 3625 3435 θεοῦ.

384 3546 399 3574 ι
489 3543 496 3552 ·
545 3516 637 3577 ³30
801 3513 943 3597 (Nr.
990 3518 1093 3597 31)
1163 3509 1237 3581 τὸ
1281 3518 1407 3599 μὲν
1449 3503 1574 3583 οὖν
1631 3509 1787 3601 πρὸ
1833 3518 1999 3583 τῶν
2062 3510 2387 3583 αἰώνων
2446 3508 2699 3583 αὐτὸν
2760 3518 3291 3603 γεγεννῆσθαι

799 3616 1035 3699 φῆσαι,
1099 3605 1508 3692 ἀκολούθως
1569 3615 1905 3701 εἰρηκέναι
1964 3615 2171 3681 δοκεῖ·
2246 3617 2545 3701 γέννημα
2604 3610 2732 3702 γὰρ
2794 3612 2875 3685 τὸ
2935 3612 3289 3701 προελθὸν

797 3716 924 3780 τοῦ
965 3715 1346 3798 προεμένου
1389 3717 1684 3799 γίγνεται
1726 3706 2005 3797 πατρός.
2088 3706 2392 3798 θάτερον
2452 3716 2526 3783 δὲ
2585 3708 2817 3783 οὐκέτι
2875 3707 3085 3801 ὑγιῶς
3137 3709 3288 3785 οὐδ’

797 3805 1086 3891 εύσεβῶς
1131 3805 1320 3898 αὐτῷ
1351 3818 1829 3900 παρείληπται.
1904 3807 1987 3879 τὸ
2031 3809 2157 3898 γὰρ
2200 3808 2289 3899 μὴ
2334 3806 2544 3899 λόγον
2584 3812 2755 3882 εἶναι
2801 3816 3009 3901 φῆσαι
3053 3810 3183 3884 τὸν
3220 3818 3291 3899 ἐξ

797 3904 1010 3978 αὐτοῦ
1070 3905 1540 3995 προελθόντα,
1602 3915 1712 3980 καὶ
1766 3915 2021 3980 τοῦτον
2066 3912 2237 3980 εἶναι
2301 3908 2428 3980 τὸν
2472 3916 2593 3998 τῆς
2637 3908 3016 3999 γεννήσεως
3060 3907 3287 4023 ἀληθῆ

567 4015 635 4071 35
797 4004 1089 4094 τρόπον,
1123 4001 1272 4078 ἀλλ
1305 4003 1634 4097 ἀληθῶς
1678 4008 1864 4081 υἱὸν
1890 4005 2171 4098 μόνον,
2218 4012 2506 4097 εμφασίν
2537 4037 2692 4081 τινα
2737 4029 2882 4093 τοῖς
2926 3994 3289 4084 ἀκούουσιν

797 4100 1244 4194 ἀνθρωπίνης
1289 4100 1516 4192 ὅψεως
1559 4115 1879 4197 παρέχειν
1924 4113 2195 4179 εἴωθεν.

837 4274 874 4329 5
911 4274 1032 4329 Joh.
1071 4278 1118 4343 5,
1154 4278 1238 4332 22.
1274 4276 1340 4330 23
1375 4306 1442 4315 -
1477 4277 1512 4333 8
1547 4277 1670 4333 Joh.
1705 4278 1788 4343 20,
1823 4279 1893 4333 28
1930 4308 1996 4317 --
2036 4279 2111 4334 12
2150 4278 2272 4334 Joh.
2310 4282 2356 4345 5,
2392 4280 2460 4333 23
2504 4308 2571 4318 -
2618 4278 2694 4336 16
2732 4278 2852 4337 Joh.
2892 4282 2971 4343 14,
3009 4284 3041 4337 9
3085 4309 3153 4321 —
3210 4281 3283 4338 18

667 4372 876 4429 Weish.
913 4374 1022 4429 Sal.
1059 4378 1106 4442 7,
1143 4378 1210 4432 26

836 4525 874 4581 8
913 4524 1145 4595 ὁμοίως]
1185 4534 1248 4591 -Ι-
1283 4534 1403 4592 τοΐς
1437 4546 1492 4581 m
1558 4530 1566 4597 Ι
1633 4530 1704 4585 17
1749 4520 1873 4584 οἷον
1910 4548 1962 4583 m
2014 4530 2024 4597 Ι
2079 4531 2156 4585 21
2196 4530 2277 4599 τε]
2311 4531 2349 4585 1.
2386 4530 2491 4601 ys?
2538 4533 2547 4599 Ι
2600 4532 2679 4585 88
2714 4529 2869 4605 αὐτῷ
2904 4533 3283 4603 παρείληπται

667 4626 791 4681 and.
813 4628 888 4681 St.
925 4624 1101 4683 αὐτὸν
1139 4626 1584 4699 παραλέλειπται
1605 4630 1651 4683 V
1681 4632 1691 4698 Ι
1732 4631 1810 4686 84
1844 4632 2249 4701 tos-tovJ-f-ur)
2271 4632 2349 4685 Re
2388 4634 2396 4701 Ι
2438 4632 2517 4689 85
2553 4630 2799 4702 ἀληθῶς]
2839 4628 3035 4699 ἁπλῶς
3058 4634 3183 4688 ειῃᾶ.
3204 4634 3280 4690 St.
