3694 5582
730 521 768 582 6
1906 509 2171 566 Eusebius

731 679 913 746 ἐτῶν
960 679 1350 762 ἔμπροσθεν
1392 680 1861 762 τετρακοσίων
1905 671 2119 761 σάρκα
2175 672 2383 762 φήσαι
2434 671 2586 760 (οὐκ
2630 667 2765 743 οἷδ’
2795 667 3025 760 ὅπως)
3090 669 3355 762 άνειλη-

734 780 931 861 φέναι
975 783 1086 844 καὶ
1132 770 1213 844 δι’
1263 770 1473 862 αὐτῆς
1518 771 1646 861 τὴν
1687 773 1866 844 κατὰ
1916 773 2300 859 ἄνθρωπον
2329 778 2725 860 οἰκονομίαν
2758 781 3197 857 τετελεκέναι,
3242 781 3351 846 καὶ

733 869 894 944 τότε
936 873 1086 945 υἱὸν
1131 881 1301 945 θεοῦ
1345 880 1692 962 γεγονέναι
1735 881 1849 944 καὶ
1892 869 2143 961 Ἰησοῦν
2190 871 2491 959 Χριστὸν
2534 882 2935 964 χρηματίσαι
2976 879 3247 958 βασιλέα
3280 903 3349 944 τε

733 970 1230 1062 άνηγορεῦσθαι
1273 971 1502 1044 εἰκόνα
1548 1001 1622 1042 τε
1657 980 1864 1044 »θεοῦ
1899 980 2022 1042 τοῦ
2052 969 2411 1059 άοράτου«,
2456 981 2565 1042 καὶ
2596 970 3055 1061 πρωτότοκον
3100 972 3354 1061 »πάσης

661 1086 695 1138 5
730 1081 1049 1156 κτίσεως(
1098 1075 1189 1163 μὴ
1235 1067 1406 1143 ὄντα
1437 1069 1780 1160 πρότερόν
1823 1100 1999 1144 ποτε
2046 1069 2549 1160 ἀποδεδεῖχθαι·
2603 1069 2725 1145 εἶτ’
2770 1077 2879 1142 ἐπὶ
2925 1080 3009 1161 τῇ
3054 1071 3351 1159 τοσαύτῃ

733 1168 984 1264 ἀτοπίᾳ
1028 1170 1184 1261 μηδ’
1251 1177 1320 1258 ἐξ
1364 1164 1575 1258 οὗπερ
1638 1167 1938 1243 ὑπέθετο
1990 1168 2244 1260 χρόνου
2293 1171 2421 1260 τὴν
2465 1175 2557 1254 εἰς
2610 1173 2894 1259 ἄπειρον
2936 1179 3046 1243 καὶ
3090 1169 3353 1244 άτελεύ·

735 1299 949 1360 τητον
995 1271 1175 1360 ζωήν
1220 1301 1292 1342 τε
1339 1279 1448 1342 καὶ
1492 1279 1836 1356 βασιλείαν
1882 1278 1981 1360 τῷ
2030 1279 2307 1362 Χριστῷ
2355 1271 2597 1355 διδούς,
2645 1279 2841 1356 τέλος
2872 1277 2943 1343 δὲ
2971 1268 3158 1360 αὐτῷ
3204 1268 3353 1362 μηδ’

731 1378 954 1444 α’ίσιον
1007 1370 1246 1460 ἐπάγοι
1299 1367 1458 1461 μηδ’
1521 1372 1671 1442 οἷον
1735 1391 1879 1452 τοϊς
1942 1369 2022 1442 δι’
2088 1367 2299 1442 αὐτοῦ
2351 1380 2500 1443 τῶν
2559 1376 2983 1460 ἐπαγγελιῶν
3024 1385 3352 1458 καταξιω·

731 1480 1138 1561 θησομένοις
1184 1463 1286 1542 ῶν
1331 1468 1537 1554 αὐτὸς
1583 1465 1620 1542 6
1667 1470 1899 1559 σωτὴρ
1944 1469 2368 1561 ἐπήγγελται,
2418 1470 2603 1560 ζωὴν
2634 1472 2921 1542 αἰώνιον
2949 1478 3058 1542 καὶ
3091 1468 3354 1559 α’φθαρ-

632 1582 696 1633 10
731 1578 880 1643 σίαν
923 1579 1032 1646 31’
1077 1569 1462 1643 ἀθανασίαν
1526 1600 1598 1641 τε
1652 1578 1762 1642 καὶ
1807 1579 2149 1656 βασιλείαν
2194 1568 2509 1658 οὐρανῶν
2553 1590 2700 1654 τοῖς
2744 1567 3098 1660 ἀγαπῶσιν
3142 1569 3355 1642 αὐτὸν

731 1671 1222 1761 ὑποσχόμενος·
1269 1677 1642 1760 τηνικαῦτα
1688 1677 1757 1741 δὲ
1802 1671 1981 1740 κατὰ
2026 1670 2157 1758 τὴν
2184 1677 2766 1759 προσδοκωμένην
2798 1671 3075 1743 τούτων
3118 1677 3354 1743 ἐλπίδα
3392 1697 3403 1710 ·

733 1789 880 1853 τοῖς
922 1777 1043 1858 μὲν
1087 1771 1322 1853 ἄλλοις
1367 1763 1616 1840 ἅπασιν
1661 1769 1748 1840 τὰ
1793 1776 1915 1858 τῆς
1959 1777 2295 1852 βασιλείας
2340 1778 2431 1853 εἰς
2482 1767 2940 1859 ἀτελεύτητον
2984 1776 3355 1856 διαρκέσειν

733 1877 957 1941 αἰῶνα
1001 1869 1278 1956 φάσκοι,
1321 1867 1514 1958 μόνῳ
1559 1875 1630 1938 δὲ
1675 1866 1864 1958 αὐτῷ
1922 1877 2022 1958 τῶ
2072 1877 2347 1958 Χριστῷ
2398 1869 2671 1942 τούτων
2716 1866 3046 1942 ἁπάντων
3090 1869 3355 1960 ἀθρόαι

735 1967 1133 2058 γενήσεσθαι
1179 1975 1510 2056 στέρησιν,
1555 1974 2079 2057 παυθησομένης
2120 1975 2241 2056 μὲν
2288 1966 2501 2040 αὐτοῦ
2545 1975 2667 2058 τῆς
2710 1978 3071 2054 βασιλείας,
3118 1978 3242 2060 τῆς
3287 1977 3355 2042 δὲ

633 2077 696 2130 15
736 2068 982 2156 σαρκὸς
1045 2071 1121 2158 ἦς
1183 2066 1548 2156 ανείληφεν
1615 2074 2337 2156 καταλειφθησομένης
2406 2066 2688 2157 ἐρήμου,
2760 2067 3041 2158 <αῦ>τοῦ
3100 2076 3173 2141 δὲ
3234 2077 3357 2142 τοῦ

734 2165 1081 2255 προόντος
1143 2172 1217 2238 ἐν
1271 2175 1416 2256 θεῷ
1471 2163 1680 2255 λόγου
1733 2164 2229 2255 αφοριζομένου
2281 2173 2404 2256 μὲν
2448 2173 2573 2238 τοῦ
2616 2169 2931 2257 σώματος
2990 2166 3145 2255 (καν
3172 2166 3355 2292 (ἇθά-

737 2296 949 2338 νατον
995 2275 1204 2339 τοῦτο
1241 2273 1352 2338 καὶ
1399 2266 1770 2355 ἄφθαρτον
1821 2261 1887 2354 ῃ)
1951 2275 2051 2354 τῷ
2107 2272 2177 2337 δὲ
2232 2275 2376 2352 θεῷ
2434 2276 3070 2356 συναφθησομένου,
3134 2266 3231 2350 ῶς
3284 2272 3359 2338 ἓν

732 2374 842 2440 καὶ
899 2365 1158 2438 ταυτὸν
1218 2365 1432 2439 πάλιν
1495 2375 1594 2456 τῷ
1643 2373 1784 2455 θεῷ
1829 2364 2230 2456 γενήσεσθαι
2272 2365 2457 2436 καθὰ
2501 2374 2607 2437 καὶ
2656 2364 2997 2456 πρότερον
3056 2359 3167 2456 ἧν·
3254 2377 3357 2450 τίς

735 2465 820 2536 ἀν
865 2475 1172 2538 λείποιτο
1217 2464 1450 2556 τούτῳ
1495 2471 1870 2549 δυσσεβείας
1914 2463 2283 2555 ῦπερβολή;
2338 2465 2443 2537 διὸ
2500 2467 2581 2556 δὴ
2627 2466 2898 2550 τούτοις
2942 2464 3269 2558 ἀναγκαία
3314 2465 3356 2555 ἦ

629 2583 697 2638 20
735 2573 857 2655 τῆς
930 2563 1387 2654 άποστολικῆς
1459 2571 1820 2654 διαστολῆς
1891 2574 2225 2654 μαρτυρία
2298 2564 2564 2655 φήσασα
2628 2573 2637 2653 Ι
2711 2597 2874 2638 »xav
2946 2565 3225 2655 ἄγγελος
3287 2573 3357 2652 ἐξ

735 2665 1030 2756 οὐρανοῦ
1073 2662 1580 2753 εὖαγγελίςηται
1609 2662 1767 2753 παρ’
1801 2659 1838 2734 ὃ
1871 2664 2301 2754 παρελάβετε,
2346 2663 2659 2752 ἀνάθεμα
2698 2668 2929 2736 ἔστωι.
2989 2665 3355 2756 θαυμάζειν

734 2771 807 2837 δέ
846 2796 959 2854 μοι
1004 2769 1256 2836 ἔπεισιν
1301 2769 1804 2853 ἐπιθεωροῦντι
1849 2765 1979 2855 τὴν
2024 2763 2490 2855 ἇποστολικὴν
2536 2763 2868 2837 διάνοιαν.
2956 2762 3184 2854 ῶσπερ
3230 2765 3354 2855 γὰρ

733 2871 1080 2951 θεσπίζων
1124 2864 1204 2935 τὸ
1257 2871 1512 2954 με’λλον
1571 2862 1802 2948 αυτοῖς
1850 2864 2193 2947 Γαλάταις
2254 2864 2385 2953 τὴν
2445 2871 2569 2935 τοῦ
2634 2872 2944 2954 σωτῆρος
3004 2871 3357 2955 ἐξηκρίβου

732 2972 1116 3053 θεολογίαν,
1165 2961 1464 3035 αὐτόθεν
1505 2994 1582 3034 εν
1627 2961 1796 3053 ἀρχῇ
1841 2971 1964 3053 τῆς
2008 2963 2182 3051 πρὸς
2234 2992 2483 3047 αυτους
2535 2968 2896 3054 ἐπιστολῆς
2950 2963 3355 3055 καινότερον

627 3082 693 3137 25
733 3092 772 3153 η
819 3063 992 3134 κατὰ
1037 3063 1118 3136 τὸ
1165 3062 1458 3153 σύνηθες
1499 3062 1783 3151 γράφων
1818 3056 1950 3135 ῶδε
1990 3071 2295 3146 »Παῦλος
2324 3060 2733 3146 άπόστολος,
2781 3094 2905 3136 ουκ
2938 3060 3053 3135 ἀπ’
3086 3062 3355 3155 άνθρῶ-

732 3192 890 3234 πων
954 3162 1109 3235 οὐδὲ
1171 3161 1262 3234 δι’
1325 3161 1708 3251 ἀνθρώπου
1770 3160 1941 3235 αλλὰ
2004 3164 2111 3234 διὰ
2164 3160 2373 3251 Ἰησοῦ
2420 3171 2779 3252 Χριστοῦι.
2866 3161 2989 3234 οῦκ
3054 3160 3137 3233 ἂν
3192 3170 3358 3252 γοῦν
3395 3184 3453 3233 ,ζ

735 3292 922 3334 ουτω
967 3260 1330 3351 γράψαντα
1374 3258 1556 3352 εύροι
1600 3292 1704 3346 τις
1753 3260 1965 3336 αυτὸν
1996 3266 2274 3349 ἑτέροις·
2320 3270 2421 3352 τῷ
2467 3268 2755 3351 μηδένας
2794 3264 2985 3347 εἶναι,
3032 3261 3128 3346 ῶς
3159 3263 3355 3346 εἰκός.

732 3372 887 3453 περὶ
932 3364 1058 3453 τὴν
1101 3373 1333 3435 πίστιν
1379 3360 1650 3453 ὁμοίως,
1699 3362 1801 3445 οἷς
1832 3367 2140 3454 ἔγραφεν,
2187 3362 2473 3448 ἑτέρους.
2550 3359 2645 3445 ῶς
2673 3362 2797 3451 γὰρ
2828 3362 3037 3447 ψιλὸν
3084 3362 3356 3451 ἄνθρω-

736 3492 874 3534 πον
943 3460 1538 3551 υπολαμβάνουσιν
1609 3464 1736 3535 τὸν
1799 3461 2101 3551 Χριστὸν
2161 3468 2504 3550 προσῆγεν
2565 3462 2695 3551 τὴν
2757 3460 3157 3549 διόρθωσιν,
3234 3460 3357 3535 οῦκ

627 3582 696 3635 30
734 3560 1120 3650 ἄνθρωπον
1181 3560 1394 3635 αὐτὸν
1454 3563 1630 3635 κατὰ
1705 3562 1833 3652 τὴν
1896 3560 2109 3651 ἀρχὴν
2182 3568 2305 3650 τῆς
2378 3568 2738 3651 ἐπιστολῆς
2812 3560 3175 3634 διδάσκων·
3244 3570 3355 3634 καὶ

731 3664 1000 3749 προϊων
1045 3682 1188 3743 τοῖς
1231 3661 1466 3747 αὐτοῖς
1512 3666 1753 3783 ἔλεγεν,ν
1785 3656 1895 3734 ὅτι
1946 3662 2062 3732 »τὸ
2108 3658 2496 3749 εὐαγγέλιόν
2537 3691 2694 3750 μου,
2752 3660 2834 3732 τὸ
2882 3659 3356 3752 εὐαγγελισθὲν

733 3766 822 3844 εἰς
865 3758 1051 3849 υμᾶς,
1100 3791 1221 3833 ουκ
1266 3764 1449 3831 εστιν
1493 3760 1668 3832 κατὰ
1715 3760 2113 3849 ἄνθρωπον,
2160 3758 2315 3833 οῦδὲ
2354 3761 2486 3849 ἐγώ
2532 3761 2714 3847 παρὰ
2768 3756 3149 3849 ἀνθρώπου
3193 3792 3357 3851 παρ-

731 3867 977 3945 ἔλαβον
1026 3858 1192 3932 αὐτὸ
1241 3858 1396 3933 οῦδὲ
1444 3858 1824 3949 ἐδιδάχθην,
1874 3856 2049 3931 ἀλλὰ
2097 3857 2191 3932 δι’
2226 3858 2728 3945 ἀποκαλύψεως
2756 3856 2964 3949 Ιησοῦ
2996 3868 3357 3948 Χριστοῦα,

737 3956 837 4029 δι>
886 3964 990 4030 ῶν
1033 3953 1231 4041 αὖθις
1277 3956 1387 4030 ὅτι
1439 3961 1528 4050 μὴ
1587 3960 1964 4049 ανθρωπος
2024 3952 2111 4047 ἦν
2152 3956 2398 4048 Ἰησοῦς
2444 3960 2737 4048 Χριστὸς
2779 3969 3087 4051 παρίστη
3176 3968 3243 4031 τί
3288 3967 3357 4031 δὲ
3394 3986 3457 4033 -·

903 4132 1004 4185 ΞΠ
1051 4131 1162 4199 vgl.
1215 4130 1306 4183 Nr.
1345 4134 1408 4185 37
1464 4161 1530 4169 —
1533 4126 1627 4184 4
1665 4131 1788 4184 Kol.
1845 4134 2002 4197 1,15
2046 4160 2112 4168 —
2165 4130 2267 4185 512
2311 4128 2421 4199 vgl.
2476 4130 2719 4183 Nr.102.
2776 4132 2874 4185 103
2932 4160 2995 4170 -
3057 4132 3198 4187 l7ff
3244 4130 3354 4201 vgl.

733 4232 824 4287 Nr.
865 4234 964 4287 108
999 4263 1064 4270 —
1103 4233 1179 4286 20
1211 4233 1328 4286 Gal.
1369 4237 1416 4297 1,
1451 4234 1498 4288 S.
1537 4235 1569 4288 9
1604 4261 1671 4270 —
1708 4233 1783 4288 81
1825 4232 1946 4285 Gal.
1986 4235 2031 4294 1,
2072 4234 2149 4284 11.
2190 4232 2253 4285 12

904 4378 934 4432 1
977 4378 1154 4446 φήσαι
1191 4378 1262 4430 Kl
1299 4378 1470 4447 φησὶν
1495 4378 1544 4431 V
1575 4376 1584 4444 Ι
1614 4378 1650 4432 5
1687 4368 1816 4432 τότε
1852 4390 1937 4432 mr
1976 4380 1985 4443 Ι
2032 4376 2066 4432 9
2111 4367 2194 4430 ὧν
2228 4394 2293 4429 zu
2330 4378 2468 4430 sbrf?
2498 4378 2507 4444 Ι
2551 4377 2625 4433 15
2664 4369 2843 4432 αὐτοῦ
2878 4374 2937 4430 δὲ
2972 4382 3074 4431 τοῦ
3100 4376 3171 4430 Kl
3195 4378 3357 4431 τοῦδε

730 4486 832 4533 τοῦ
869 4476 973 4532 We
1015 4481 1021 4545 Ι
1072 4478 1146 4534 16
1191 4476 1296 4545 μὲν
1337 4479 1406 4531 Kl
1453 4478 1563 4547 vgl.
1601 4480 1651 4533 S.
1674 4482 1754 4543 65,
1777 4481 1841 4534 16
1876 4476 1938 4533 δὲ
1975 4478 2022 4530 V
2064 4480 2071 4545 Ι
2114 4478 2187 4532 20
2230 4480 2497 4549 διαταγῆς
2532 4491 2616 4529 mr
2671 4478 2679 4545 Ι
2735 4478 2808 4533 27
2866 4473 3109 4547 μηδενὸς
3146 4478 3225 4530 V*
3260 4479 3355 4546 (μὴ

732 4582 897 4649 V1‘?),
935 4596 1069 4633 corr.
1109 4580 1185 4633 V2
1219 4598 1267 4634 a.
1307 4580 1367 4633 R.
1421 4582 1429 4647 Ι
1487 4580 1560 4635 28
1603 4574 1845 4649 ἑτέρους]
1892 4582 2170 4649 ρτέςηειῃίῑ
2214 4580 2318 4632 mit
2352 4580 2539 4649 Bezug
2584 4580 2683 4633 auf
2713 4580 2832 4634 Gal.
2872 4584 2917 4647 1,
2954 4580 3028 4635 6‘?
3072 4580 3107 4633 l.
3156 4583 3359 4649 σφαλε-

731 4681 904 4755 ρούςὶ)
937 4684 943 4749 Ι
991 4682 1068 4737 34
1107 4670 1194 4750 ἢν]
1235 4689 1296 4745 -Ι-
1333 4680 1503 4751 ψιλός
1539 4700 1590 4735 m
1632 4682 1638 4748 Ι
1683 4682 1762 4737 34
1797 4680 1873 4749 τί]
1910 4682 1993 4744 τίς
2028 4699 2082 4734 m

3392 2484 3461 2536 24
