3694 5582
280 1565 346 1617 10

281 2061 346 2114 15

275 2557 348 2611 20

1387 497 1580 548 contra
1613 494 1937 548 Marcellum
1972 495 1994 548 I
2032 499 3008 564 3.15

507 677 704 730 καῖον
749 661 825 727 ἐν
868 665 967 748 τῷ
993 655 1297 778 παρόντι
1328 665 1802 747 μνημονεῦσαι,
1847 695 1885 728 ιε
1932 695 1968 728 κ
2014 695 2051 728 ÷÷
2100 654 2248 730 ἀλλ’
2278 655 2362 729 ῗ’ν
2397 665 2770 747 ἐλέγξωιιεν
2798 654 3008 727 '4015'-

509 785 679 846 ριον,
725 765 836 828 καὶ
882 753 1018 829 ἀπὸ
1065 765 1213 828 τῶν
1259 760 1520 843 ἔξωθεν
1563 755 1777 829 αυτὸν
1820 757 2255 847 μαθημάτων
2291 754 2518 828 εἰδότα
2562 764 2684 845 μὲν
2716 754 3008 846 ἀκριβῶς

513 858 595 929 τὸ
642 863 764 946 τῆς
807 865 1170 946 παροιμίας
1231 861 1603 944 ἐξαίρετον,
1665 865 1742 929 ἐν
1802 865 1873 928 δὲ
1935 865 2037 946 τῶ
2099 854 2393 947 παρόντι
2456 887 2739 945 αγνοιαν
2802 881 3008 946 προσ-

507 965 920 1046 ποιηθέντα,
986 962 1096 1028 ἵνα
1158 957 1239 1027 τὸ
1305 959 1550 1028 ἑαυτοῦ
1609 957 1911 1045 βούλημα
1975 957 2080 1028 διὰ
2145 965 2266 1047 τῆς
2329 963 2453 1028 τοῦ
2505 957 3009 1043 παροιμιώδους

513 1060 728 1145 ῥητοῦ
757 1055 1058 1147 χρήσεως
1100 1065 1420 1138 πιθανῶς
1462 1055 1984 1144 κατασκευάζειν
2017 1055 2135 1128 δό
2100 1087 2197 1146 ew·
2260 1060 2444 1127 ἔστιν
2475 1063 2545 1127 δὲ
2580 1064 2723 1124 ΓΛ.
2726 1061 3021 1124 ffKOY

519 1165 838 1227 ΊΕΧΝΗ.
904 1157 1155 1246 ταύτης
1189 1161 1252 1228 οἱ
1299 1161 1557 1244 ε’ξωθεν
1601 1167 1804 1278 ootcpoz
1851 1164 1973 1247 τῆς
2016 1165 2380 1247 παροιμίας
2424 1153 3009 1282 μνημονεύσαντες

513 1258 859 1344 διαφόρως
891 1254 1105 1346 αυτὴν
1136 1256 1569 1346 ἐξηγήσαντο.
1605 1265 1615 1344 Ι
1655 1251 1692 1326 6
1737 1266 1860 1347 μὲν
1904 1257 2029 1346 γὰρ
2076 1255 2309 1328 αὐτῶν
2354 1285 2457 1338 τις
2502 1258 2649 1356 ἐφη..
2697 1250 3009 1324 Γλαῦκόν

511 1387 669 1428 τινα
732 1356 1149 1447 ἐπιστήμονα
1211 1363 1448 1445 τέχνης
1510 1355 1695 1438 τινὸς
1756 1363 2089 1446 γεγονότα
2120 1365 2161 1442 †
2218 1364 2507 1428 πολλῶν
2571 1357 2779 1425 οὖσαν
2842 1365 3007 1424 θ-αυ

509 1481 973 1546 μασιωτατην,
1034 1452 1416 1527 απολέσθαι
1462 1449 1594 1545 ἅμα
1639 1460 1877 1547 ἐκείνῳ
1924 1485 2100 1528 κατα
2142 1453 2521 1537 θάλατταν,
2545 1451 2853 1572 ,μηδενός
2897 1481 3007 1523 πω

514 1555 964 1645 διακηκοότος
1007 1553 1232 1644 αυτῆς.
1321 1557 1550 1642 ἕτερος
1596 1563 1683 1640 δέ,
1730 1557 1861 1645 τὴν
1905 1553 2009 1626 ἐπ’
2042 1584 2256 1643 ακρον
2294 1560 2615 1643 μουσικῆς
2659 1559 3007 1642 ἐμπειρίαν

509 1654 936 1746 μαρτυρήσας
967 1664 1068 1745 τῷ
1103 1655 1413 1745 Γλαύκῳ,
1454 1656 1616 1739 τοὺς
1645 1663 2322 1736 κατασκευασθέντας
2353 1651 2463 1724 ὑπ’
2496 1653 2711 1725 αὐτοῦ
2740 1661 3006 1736 δίσκους

511 1763 803 1845 χαλκοῦς
848 1781 1053 1844 φησιν
1097 1763 1436 1844 τέσσαρας,
1494 1755 1665 1842 πρὸς
1709 1755 1789 1826 τὸ
1836 1760 2080 1844 ἐμμελῆ
2130 1785 2282 1826 τινα
2329 1760 2449 1842 τῆς
2493 1751 2834 1841 κρούσεως
2876 1753 3007 1842 τὴν

513 1865 916 1944 συμφωνίαν
961 1863 1106 1926 τῶν
1153 1852 1490 1942 φθόγγων
1523 1853 1917 1926 ἀποτελεῖν·
1992 1859 2193 1926 ἔνθεν
2236 1883 2308 1924 τε
2358 1859 2663 1942 εἰρῆσθαι
2707 1853 2838 1941 τὴν
2882 1881 3004 1924 πα-

513 1964 796 2044 ροιμίαν.
871 1955 1075 2036 ἄλλος
1106 1961 1181 2025 δέ
1225 1985 1326 2035 τις
1353 1953 1812 2026 Ἀλυαττικῶν
1843 1951 2313 2043 ἀναθημάτων
2358 1961 2564 2042 φησὶν
2608 1949 3006 2024 ἀνακεῖσθαι

510 2062 816 2144 κρατῆρα
888 2061 998 2124 καὶ
1071 2049 1580 2144 ὐποκρατὴριον
1651 2053 2057 2142 θαυμάσιον,
2126 2052 2437 2124 Γλαύκου
2498 2059 2673 2124 Χίου
2733 2060 3004 2142 ποίημα.

515 2158 740 2243 ἕτερος
785 2160 884 2236 δέ,
955 2159 1264 2225 Γλαῦκον
1325 2150 1538 2224 αὐτὸν
1599 2151 1957 2225 ἀναθεῖναι
2017 2159 2109 2236 εἰς
2156 2154 2455 2240 Δελφοὺς
2516 2159 2809 2241 τρίποδα
2850 2161 3005 2240 χαλ-

512 2261 698 2333 κοῦν,
746 2247 934 2324 οὕτω
981 2251 1564 2342 δημιουργήσαντα
1607 2274 1753 2337 τοῖς
1797 2263 1838 2340 †
1882 2260 2151 2340 παχέως
2213 2282 2286 2323 τε
2346 2260 2781 2340 κρουομένου.
2844 2250 3005 2331 τούς

517 2381 591 2422 τε
634 2349 869 2434 πόδας,
915 2348 1020 2439 ἐφ’
1069 2345 1171 2422 ῶν
1214 2360 1510 2441 βέβηκεν,
1557 2361 1666 2424 καὶ
1714 2353 1795 2424 τὸ
1841 2354 1987 2424 ἄνω
2030 2363 2493 2442 περικείμενον
2535 2359 2646 2422 καὶ
2692 2352 2821 2440 τὴν
2865 2376 3005 2422 στε-

515 2451 744 2540 φάνην
790 2453 920 2542 τὴν
964 2458 1074 2525 ἐπὶ
1123 2459 1250 2522 τοῦ
1294 2460 1574 2540 λέβητος
1618 2463 1729 2524 καὶ
1773 2453 1897 2534 τὰς
1950 2451 2241 2541 ῥάβδους
2286 2451 2395 2523 διὰ
2438 2457 2643 2540 μέσου
2692 2455 3003 2539 τεταγμέ-

517 2583 636 2636 νας
699 2559 1120 2641 φθέγγεσθαι
1183 2550 1388 2639 λύρας
1452 2561 1670 2641 φωνῇ.
1754 2561 1867 2624 καὶ
1929 2545 2129 2635 αὖθις
2193 2556 2445 2640 ἕτερος,
2508 2547 2645 2622 ἀπὸ
2692 2549 3006 2621 Γλαύκου

513 2650 703 2734 τινὸς
746 2649 1076 2736 δόξαντός
1121 2682 1187 2722 τι
1229 2660 1447 2724 πλέον
1488 2659 1933 2740 πεποιηκέναι
1976 2659 2285 2741 εἰρῆσθαι
2330 2651 2458 2741 τὴν
2501 2658 2885 2738 παροιμίαν.

598 2748 778 2845 ὁρᾷς,
827 2745 1015 2851 ὅπως
1047 2750 1127 2823 τὸ
1162 2758 1464 2841 δυσχερὲς
1494 2758 1615 2840 τῆς
1645 2762 2003 2842 παροιμίας
2042 2761 2153 2823 καὶ
2200 2751 2305 2824 διὰ
2350 2750 2602 2823 τούτου
2646 2755 3003 2831 δείκνυται,

515 2852 621 2923 διὰ
652 2860 778 2925 τοῦ
807 2860 972 2942 μηδὲ
1013 2857 1120 2923 ἐπὶ
1170 2859 1290 2942 τῆς
1333 2851 1541 2939 αυτῆς
1587 2854 1933 2941 ἑρμηνείας
1977 2860 2215 2941 στῆναι
2260 2852 2423 2935 τούς
2466 2850 2598 2939 τὴν
2641 2856 3007 2937 παροιμίαν

516 2950 778 3041 ταύτην
820 2950 1271 3042 ἐξηγήσασθαι
1315 2958 1798 3041 βουληθέντας.
1888 2982 2112 3035 ουτως
2157 2948 2557 3039 δυσεύρετόν
2600 2980 2668 3021 τι
2734 2956 3006 3038 πρᾶγμα

515 3052 597 3122 τὸ
643 3057 764 3140 τῆς
808 3060 1166 3141 παροιμίας
1209 3058 1317 3121 καὶ
1365 3052 1545 3139 παρὰ
1591 3071 1734 3134 τοῖς
1796 3055 2056 3139 ἔξωθεν
2100 3055 2268 3122 εἶναι
2315 3058 2512 3123 δοκεῖ.
2600 3048 2705 3120 διὸ
2751 3056 2863 3118 καί
2906 3077 3009 3129 τις

515 3159 661 3221 τῶν
690 3147 848 3239 παρ>
881 3148 1112 3234 αὐτοῖς
1143 3160 1385 3236 σοφῶν
1415 3153 1815 3240 συναγαγών
1846 3150 1970 3233 τὰς
2000 3148 2134 3223 ὑπὸ
2180 3158 2471 3222 πολλῶν
2513 3158 2623 3219 καὶ
2656 3146 3009 3235 διαφόρως

513 3258 861 3339 λεχθείσας
905 3259 1283 3339 παροιμίας,
1345 3258 1436 3333 εἰς
1482 3250 1690 3335 αὐτας
1733 3260 2071 3343 γέγραφεν
2114 3256 2183 3337 ἓξ
2224 3258 2462 3335 βιβλία,
2530 3248 2649 3319 δύο
2696 3254 2817 3336 μὲν
2863 3254 3009 3316 τῶν

515 3355 951 3439 ί<ἐμ>μέτρων,
1001 3358 1150 3420 τῶν
1195 3357 1264 3421 δὲ
1310 3347 1618 3438 ἀμέτρων
1651 3360 1956 3439 τέσσαρα.
2032 3350 2282 3433 ταύτας
2326 3357 2395 3420 δὲ
2440 3355 2801 3438 παροιμίας
2832 3344 3002 3417 ῶνό-

515 3473 732 3538 μασαν
765 3454 828 3522 οἱ
862 3454 1122 3534 ἔξωθεν
1154 3446 1234 3520 δι’
1269 3448 1467 3521 ουδὲ-ν
1499 3452 1748 3539 ἕτερον,
1795 3458 1937 3541 ἐμοὶ
1982 3457 2222 3533 δοκεῖν,
2266 3448 2412 3522 ἄλλ’
2446 3447 2674 3536 ἐπειδὴ
2706 3468 2854 3529 ταῖς
2885 3452 3009 3517 τοῦ

517 3546 934 3635 σοφωτάτου
956 3558 1376 3637 Σολόμωνος
1389 3557 1785 3640 Παροιμίαις
1815 3548 2211 3638 ἐντυχόντες
2232 3559 2340 3620 καὶ
2362 3547 2641 3638 γνόντες
2662 3544 2743 3618 δι’
2778 3546 3008 3617 αυτῶν

516 3637 625 3719 ότι
654 3644 868 3719 ουδέν
912 3654 1097 3719 ἐστιν
1145 3654 1218 3719 ἐκ
1267 3657 1394 3721 τοῦ
1423 3659 1783 3771 προχείρου
1813 3658 2051 3737 σαφῶς
2082 3657 2230 3720 τῶν
2268 3653 2343 3718 ἐν
2373 3644 2604 3729 αυτατς
2634 3653 3008 3735 εἰρημένων

513 3757 779 3836 μαθεῖν,
821 3758 932 3819 καὶ
967 3746 1160 3821 αυτοὶ
1193 3757 1488 3838 ζηλῶσαι
1522 3754 1601 3821 τὸ
1632 3750 2067 3840 προφητικὸν
2096 3754 2553 3835 βουληθέντες
2583 3744 2846 3835 γράμμα
2883 3744 3007 3816 τὸν

513 3843 731 3918 αὐτὸν
762 3852 1002 3939 ἐκείνῳ
1023 3846 1392 3937 γεγράφασι
1413 3847 1691 3937 τρόπον.
1737 3854 1881 3922 εἶτα
1913 3848 2008 3930 ῶς
2025 3855 2233 3938 μηδὲν
2259 3840 2555 3936 έτερον”
2516 3876 2731 3935 ονομα
2760 3844 3006 3932 κυριώ-

516 3975 720 4034 τερον
749 3951 1014 4018 ἐκείνου
1033 3953 1384 4037 ἐπινοῆσαι
1405 3956 1812 4038 δυνηθέντες
1832 3956 1943 4019 καὶ
1975 3946 2227 4029 ταύτας
2243 3954 2604 4035 παροιμίας
2628 3942 3007 4033 ῶνόμασαν.

565 4168 594 4222 1
635 4189 668 4218 ⁴}
703 4189 736 4218 ⁴}
770 4189 804 4219 «ιι
840 4168 945 4223 We
986 4170 994 4235 Ι
1035 4162 1156 4225 ἀλλ’
1191 4172 1282 4222 Str.
1323 4169 1700 4223 Schneidewin
1730 4174 1738 4233 Ι
1766 4164 1843 4223 ἵν’
1879 4170 1959 4222 VO
1998 4162 2065 4239 ἦν
2103 4170 2183 4222 V*
2219 4170 2227 4237 Ι
2266 4167 2302 4222 2
2340 4167 2458 4235 καὶ]
2493 4167 2529 4218 l.
2556 4161 2675 4230 ὡς’.)
2723 4168 2731 4230 Ι
2780 4158 3009 4221 αὐτ-ὤν’.)

383 4269 768 4325 Schneidewin
799 4270 808 4337 Ι
848 4270 886 4325 4
913 4272 1356 4343 παρυιμιωδῶςῗ
1394 4270 1773 4324 Schneidewin
1862 4272 1899 4325 8
1936 4268 2237 4339 γεγονότα]
2268 4277 2329 4333 -4-
2368 4274 2685 4337 ναι·αγῆσαι
2719 4260 2869 4323 ὥστε
2905 4266 3009 4321 We

387 4374 392 4435 !
439 4371 685 4440 πολλῶν]
721 4374 916 4437 πολλῷ
957 4371 1334 4427 Schneidewin
1381 4372 1445 4441 ἣν
1481 4376 1708 4427 πολλῶν
1743 4371 2047 4439 Heindorf!
2090 4363 2233 4427 οὖσα
2270 4371 2317 4423 V
2367 4370 2374 4437 Ι
2427 4370 2503 4424 10
2540 4364 2734 4440 ἄκρων
2770 4370 2836 4436 V,
2872 4386 3006 4425 corr.

383 4472 769 4527 Schneidewin
800 4474 808 4541 Ι
847 4473 920 4527 12
947 4472 1229 4543 τέσσαρας
1262 4494 1296 4523 «ιιι
1331 4494 1363 4523 4(-
1399 4496 1430 4525 κ
1449 4476 1480 4526 ‘3
1515 4474 1740 4539 We114
1766 4471 2154 4539 o’z).vat16›vV*,
2176 4470 2424 4538 oon-,5⁷21
2452 4472 2520 4526 17
2544 4478 2665 4535 τοῖς
2684 4470 2908 4540 παχέως
2924 4472 3004 4538 τε]

383 4577 734 4641 θαυμαστῶς
755 4566 908 4629 ὥστε
933 4574 1204 4628 Heindorf
1221 4582 1300 4646 τῷ
1337 4573 1506 4645 πάχει
1527 4568 1678 4630 ὥστε
1705 4575 1960 4629 Petavius
1992 4576 1999 4641 Ι
2036 4574 2104 4628 18
2120 4572 2221 4629 τὸν
2243 4568 2363 4629 ἄνω
2383 4573 2769 4641 περικείμενοι
2786 4572 2851 4639 V,
2871 4590 3005 4626 corr.

383 4674 662 4729 Heindorf
669 4676 772 4744 121
813 4694 866 4730 τι
901 4693 956 4729 m
989 4692 1074 4738 τις
1109 4675 1270 4732 vm
1294 4676 1583 4747 γέγραφεν
1617 4672 1678 4741 ἓξ
1698 4678 1783 4731 Ga
1799 4676 1991 4729 Nauck
2028 4673 2445 4745 γεγραφέναιῖιΓ
2479 4674 2486 4741 1
2520 4675 2597 4729 28
2634 4672 2928 4742 ἐμμέτρων
2954 4692 3005 4726 m

3080 1257 3241 1326 511ss
