3694 5582
663 494 782 554 174
1841 485 2111 543 Eusebius

660 646 746 737 ἣν
797 656 942 719 »καὶ
987 645 1195 731 αυτὸς
1239 644 1278 719 ὅ
1319 647 1466 733 υἱὸς
1509 645 2014 740 υποταγὴσεται
2057 655 2157 739 τῷ
2202 646 2625 734 υποτᾶξαντι
2652 645 2843 737 αὐτῷ
2874 647 2962 719 τὰ
2993 644 3283 730 πάνται,

661 745 955 820 αλεκτόν
997 778 1152 819 τινα
1193 755 1304 819 καὶ
1349 748 1650 838 ἄρρητον
1676 756 1789 820 καὶ
1818 745 2013 839 μόνῳ
2057 747 2249 840 αὐτῷ
2280 754 2677 838 πρέπουσαν
2703 744 3062 836 υποταγὴν
3090 774 3283 835 ποιη-

661 846 972 938 σόμενος,
1037 840 1151 918 ότε
1206 848 1366 930 τοὺς
1409 844 1521 918 υπ’
1569 844 1782 921 αὐτοῦ
1823 845 2091 933 πάντας
2128 855 2340 938 χοροῦ
2382 853 2578 939 δίκην
2618 843 3283 938 περιστοιχισᾶμενος

666 955 806 1037 »τῷ
867 953 1014 1037 θεῷ
1057 954 1168 1017 καὶ
1211 955 1455 1034 πατρὶι
1515 945 1857 1037 προσάξει,
1922 954 1933 1037 1
2000 948 2133 1038 τὴν
2192 945 2399 1035 δόξαν
2464 946 2653 1038 αὐτῷ
2712 956 2827 1019 καὶ
2861 947 3037 1070 φ,τὴν
3081 944 3283 1034 τιμὴν
3322 958 3437 1017 186

591 1064 624 1117 5
659 1058 771 1118 καὶ
831 1045 914 1119 τὸ
976 1053 1171 1130 σέβας
1229 1052 1342 1118 καὶ
1403 1045 1533 1136 τὴν
1588 1048 2072 1138 μεγαλωσύνην
2128 1042 2247 1119 ᾰτε
2308 1047 2391 1137 δὴ
2452 1046 2739 1120 πάντων
2790 1055 2943 1119 τῶν
2996 1043 3283 1136 ἀγαθῶν

661 1151 858 1234 αἰτίῳ
903 1152 1310 1233 προσοίσων,

827 1238 980 1319 16‘
951 1242 1068 1316 ότε
1113 1252 1224 1315 καὶ
1269 1242 1350 1316 τὸ
1397 1250 1832 1335 συμπέρασμα
1886 1254 2009 1337 τῆς
2050 1244 2513 1337 ἇποστολικῆς
2567 1253 3000 1329 διδασκαλίας
3045 1250 3283 1327 τέλους
3316 1251 3478 1323 ὅπως
3500 1253 3657 1329 εἴρη-

663 1344 967 1432 τεύξεται
1011 1350 1234 1433 φῆσαν
1284 1348 1431 1416 »ἵνα
1473 1338 1514 1433 ᾖ
1564 1341 1601 1416 ὁ
1647 1345 1811 1431 θεὸς
1854 1346 1939 1417 τὰ
1984 1344 2213 1419 πάντα
2257 1350 2333 1417 ἐν
2374 1352 2639 1418 πᾶσινε.
2725 1340 2764 1417 ὃ
2819 1345 2901 1435 δὴ
2954 1352 3069 1416 καὶ
3111 1340 3279 1416 αυτὸ
3328 1344 3591 1450 &QZ-51:2³.
3594 1414 3644 1464 <p

664 1442 996 1533 νοήσομεν
1041 1446 1178 1530 ἐξ“
1156 1449 1388 1533 ετέρας
1431 1449 1860 1534 ἐπαγγελίας,
1906 1442 1990 1517 δι>
2038 1438 2114 1535 ἦς
2156 1452 2226 1532 ἐξ
2270 1442 2482 1517 αὐτοῦ
2525 1448 2786 1535 εἴρηται
2831 1452 2957 1519 τοῦ
2999 1452 3169 1517 θεοῦ
3196 1442 3281 1515 τὸ
3314 1461 3447 1518 τότε
3497 1457 3663 1517 ἔσται

561 1558 628 1613 10
668 1541 1034 1634 »ἐνοικήσω
1080 1547 1154 1615 ἐν
1199 1540 1449 1627 αυτοῖς,
1493 1553 1605 1617 καὶ
1648 1543 2173 1635 ἐμπεριπατὴσω
2216 1549 2289 1615 ἐν
2332 1541 2589 1628 αυτοῖς·
2631 1551 2742 1615 καὶ
2787 1548 3019 1634 ἔσομαι
3048 1542 3284 1615 αὐτῶν
3320 1526 3551 1652 ’ἐαξξίς
3568 1528 3661 1652 gv&

663 1641 843 1726 θεός,
887 1650 1000 1713 καὶ
1045 1638 1236 1715 αὐτοὶ
1282 1646 1554 1716 ἔσονταί
1594 1672 1725 1733 μου
1767 1642 1989 1729 λαόςι.
2060 1640 2235 1715 ἀλλὰ
2264 1650 2388 1715 νῦν
2428 1651 2553 1733 μὲν
2590 1643 2765 1715 κατὰ
2802 1644 2930 1716 τὸν
2967 1641 3285 1731 παρόντα
3364 1670 3573 1720 πᾶσιν

667 1748 884 1813 αἰῶνα
945 1747 1038 1825 εἰς
1097 1754 1358 1831 βραχεῖς
1418 1740 1676 1832 μόνους
1736 1744 1897 1828 τούς
1956 1740 2184 1831 ἀξίους
2241 1750 2351 1814 καὶ
2414 1748 2487 1815 ἐκ
2547 1752 2788 1834 μέρους
2842 1741 2884 1834 ἦ
2928 1750 3287 1832 ἐπαγγελία

665 1862 1012 1930 προχωρεῖ
1049 1840 1224 1912 κατὰ
1269 1841 1350 1913 τὸ
1403 1847 1514 1913 »ἐκ
1557 1849 1797 1932 μέρους
1840 1842 2281 1932 γινώσκομεν,
2325 1852 2439 1914 καὶ
2466 1848 2544 1915 ἐκ
2568 1850 2810 1933 μέρους
2853 1842 3285 1932 προφητεύο-

663 1965 849 2030 μενι·
893 1939 1064 2030 μετὰ
1108 1946 1180 2010 δὲ
1223 1940 1355 2031 τὴν
1397 1950 1790 2016 συντέλειαν
1835 1948 1963 2016 τοῦ
2004 1942 2268 2025 παντὸς
2313 1941 2720 2026 ἐπιστάντος
2763 1949 2888 2014 τοῦ
2937 1950 3095 2015 νέου
3124 1948 3285 2013 αἰῶ-

563 2054 628 2108 15
666 2070 814 2125 νος,
879 2036 1100 2113 οὐκέτ’
1145 2043 1220 2111 ἐν
1269 2047 1582 2131 βραχέσιν
1635 2050 1812 2115 τισὶν
1856 2040 2213 2131 ἐνοικήσει,
2279 2037 2425 2113 ἀλλ’
2485 2046 2561 2113 ἐν
2621 2034 2873 2115 ἅπασιν
2934 2061 3080 2126 τοῖς
3123 2040 3284 2114 τότε

667 2146 791 2229 τῆς
853 2148 1001 2211 τῶν
1064 2135 1380 2229 οὐρανῶν
1440 2150 1777 2226 βασιλείας
1838 2138 2065 2228 ἀξίοις.
2168 2138 2389 2225 οὕτως
2448 2134 2573 2213 οὖν
2633 2144 2821 2214 ἔσται
2888 2139 3151 2215 »πάντα
3210 2146 3287 2213 ἐν
3318 2148 3355 2201 2

664 2246 934 2323 πᾶσινι,
981 2240 1236 2330 δηλαδὴ
1286 2244 1614 2313 »ἐνοικῶν
1655 2246 1730 2313 ἐν
1775 2238 2008 2323 αὐτοῖς
2052 2249 2160 2313 καὶ
2206 2246 2689 2332 ἐμπεριπατῶν
2732 2246 2807 2313 ἐν
2852 2238 3121 2325 αὖτοῑςι
3173 2247 3285 2313 καὶ

673 2338 872 2421 »θεὸς
915 2336 1186 2410 αὐτῶν(
1237 2336 1359 2410 οὐκ
1407 2338 1720 2427 ἀπαξιῶν
1758 2344 1931 2412 εἶναι
1975 2338 2146 2412 λαόν
2189 2369 2265 2413 τε
2306 2338 2522 2414 αὐτοῦ
2566 2342 2726 2424 τοὺς
2776 2340 3047 2425 πάντας
3090 2346 3285 2413 οἰκει-

670 2437 968 2527 ούμενος.
1056 2430 1242 2509 οὕτω
1295 2445 1418 2528 μὲν
1463 2433 1586 2511 οὖν
1639 2443 1822 2511 ἔσται
1885 2444 1960 2511 ἐν
2020 2438 2252 2523 αὐτοῖς
2312 2437 2409 2523 ώς
2468 2448 2582 2512 καὶ
2640 2446 2715 2513 ἐν
2772 2438 2967 2531 αὐτῷ
3019 2446 3289 2529 λέγεται

565 2556 632 2611 20
668 2538 842 2610 εἶναι
884 2544 988 2627 τῷ
1031 2542 1187 2627 υἱῷ,
1250 2540 1488 2622 καθώς
1542 2537 1832 2611 διδάσκει
1878 2547 2097 2629 λέγων
2139 2538 2344 2623 αὐτὸς
2404 2536 2479 2612 »ὅ
2522 2540 2749 2629 πατὴρ
2794 2544 2867 2612 έν
2910 2546 3058 2628 ἐμοὶ
3094 2535 3285 2629 κάγώ

666 2642 743 2709 ἐν
787 2644 888 2726 τῷ
933 2645 1204 2727 πατρία.
1287 2645 1399 2709 καὶ
1448 2637 1747 2711 ›noima‹
1800 2645 1872 2711 δὲ
1926 2644 2112 2712 ἔσται
2170 2643 2245 2711 ἐν
2308 2637 2543 2724 αὐτοῖς
2605 2647 2707 2730 τῷ
2770 2645 2981 2712 πᾶσιν
3040 2637 3288 2711 ἑαυτὸν

665 2742 998 2826 παρέχειν,
1043 2734 1203 2808 καθ’
1233 2730 1272 2808 ὃ
1319 2733 1360 2827 ἦ
1405 2736 1694 2814 εκάστου
1721 2738 2000 2831 δύναμις
2041 2760 2249 2831 χωρεῖ
2287 2746 2409 2830 τῆς
2454 2736 2665 2811 αυτοῦ
2706 2735 3049 2831 θεότητος
3090 2766 3287 2830 μετα-

668 2834 1052 2925 λαγχάνειν·
1097 2843 1220 2926 τῆς
1261 2848 1745 2928 τρισμακαρίας
1787 2846 2063 2923 ἐλπίδος
2091 2849 2203 2911 καὶ
2234 2846 2355 2930 τῆς
2388 2837 2851 2929 ατελευτήτου
2874 2849 2991 2910 καὶ
3018 2835 3287 2926 αφθᾶρ·

668 2964 796 3009 του
856 2943 1035 3026 ζωῆς
1095 2941 1168 3008 ἐν
1221 2936 1452 3027 τούτῳ
1499 2945 2092 3029 καταστησομένης
2152 2945 2258 3028 τῷ
2319 2945 2520 3024 τέλει,
2582 2943 2658 3010 ἐν
2718 2941 2777 3028 ᾧ
2843 2933 2881 3009 ὅ
2942 2945 3065 3027 μὲν
3124 2937 3289 3021 θεὸς

561 3054 630 3108 25
669 3039 852 3108 ἔσται
891 3032 1156 3108 »πάντα
1183 3041 1259 3109 ἐν
1286 3043 1530 3109 πᾶσιν(
1570 3058 1717 3122 ταῖς
1749 3045 1871 3129 τῆς
1900 3035 2238 3127 θεότητος
2268 3034 2479 3109 αὐτοῦ
2506 3057 2963 3128 μαρμαρυγαῖς
2994 3036 3286 3110 αλέκτου

669 3134 906 3222 φωτὸς
946 3141 1306 3223 ἐμπιπλῶν
1351 3137 1513 3220 τοὺς
1553 3135 1844 3222 πάντας,
1902 3167 1939 3209 ο
1994 3143 2066 3209 δὲ
2108 3139 2254 3221 υἱὸς
2296 3135 2831 3228 ἐναγαλλόμενος
2872 3144 2987 3208 καὶ
3026 3145 3288 3225 χαίρων

670 3240 774 3324 τῷ
813 3236 1304 3325 κατορθώματι
1364 3233 1710 3324 στεφάνου
1768 3242 1965 3325 δίκην
2024 3245 2469 3328 περιθέμενος
2521 3237 2683 3321 τοὺς
2742 3232 2833 3308 δι’
2890 3233 3106 3308 αὐτοῦ
3164 3241 3289 3324 τῆς

667 3330 1166 3424 μακαριότητος
1211 3332 1624 3427 ἠξιωμένους
1665 3333 1802 3408 ὑπὸ
1846 3333 2077 3425 ἐφόρῳ
2130 3343 2234 3427 τῷ
2278 3344 2486 3426 πατρὶ
2532 3336 2659 3426 τὴν
2702 3333 2935 3427 ἀγήρω
2978 3342 3093 3408 καὶ
3136 3330 3289 3406 α’τε-

669 3432 1006 3522 λεύτητον
1051 3440 1410 3506 διατελέσει
1469 3444 1838 3522 βασιλείαν,
1903 3444 2049 3508 τῶν
2106 3443 2261 3527 περὶ
2324 3433 2536 3507 αὐτοῦ
2597 3444 2851 3524 λογίων
2912 3440 3287 3525 τηνικαῦτα

563 3548 632 3604 30
665 3540 1324 3622 πληρωθησομένων
1379 3543 1529 3607 τῶν
1589 3566 1666 3608 τε
1731 3535 1995 3620 ἄλλων,
2060 3535 2233 3622 ἄταρ
2293 3535 2374 3626 δὴ
2434 3543 2547 3608 καὶ
2608 3543 2756 3606 τῶν
2815 3539 2943 3607 τοῦ
3002 3531 3291 3623 ἀγγέλου

669 3631 966 3721 Γαβριὴλ
1039 3631 1212 3723 πρὸς
1273 3634 1402 3722 τὴν
1462 3642 1804 3723 παναγίαν
1863 3642 2214 3724 παρθένον
2287 3645 2297 3724 Ι
2380 3641 2753 3726 εἰρημένων
2814 3641 2973 3722 περὶ
3032 3639 3161 3706 τοῦ
3218 3640 3291 3719 ἐξ
3327 3650 3449 3707 187

667 3728 876 3821 αὐτῆς
920 3740 1450 3821 τεχθησομένου,
1517 3731 1613 3816 ώς
1669 3733 1798 3822 ἄρα
1859 3735 2263 3820 »βασιλεύσει
2307 3741 2401 3819 εἰς
2443 3734 2605 3818 τοὺς
2646 3739 2931 3818 αἰῶνας,
2992 3739 3104 3804 καὶ
3165 3737 3288 3821 τῆς

667 3841 1001 3917 βασιλείας
1045 3829 1257 3903 αὐτοῦ
1299 3829 1423 3904 οὐκ
1469 3837 1654 3905 ἔσται
1707 3840 1963 3916 τέλοςε.
2051 3833 2427 3918 βασιλεύων
2490 3834 2572 3924 δὴ
2633 3829 2795 3905 τότε
2856 3827 2895 3905 ό
2954 3831 3101 3915 υἱὸς
3160 3837 3288 3904 τοῦ
3322 3851 3357 3905 3

669 3937 840 4004 θεοῦ
884 3933 1045 4016 τούς
1089 3927 1201 4002 ὑπ’
1249 3928 1432 4022 αὐτῷ
1465 3939 1576 4006 89*
1631 3940 2185 4024 βασιλευομένους
2226 3932 2493 4016 πάντας
2523 3941 2625 4023 τῷ
2656 3929 2869 4005 αὐτοῦ
2897 3931 3287 4023 παραδώσει

840 4102 1100 4157 11K0r.
1139 4104 1219 4158 15.
1255 4103 1323 4158 ‘28
1355 4133 1424 4142 —
1459 4103 1498 4158 4
1535 4103 1561 4155 I
1596 4104 1937 4170 Kor.15,24
1972 4133 2037 4144 —-
2076 4104 2378 4160 emona
2412 4105 2439 4159 1
2474 4104 2602 4158 Kor.
2641 4105 2721 4171 15,
2756 4103 2825 4158 28
2856 4131 2925 4141 -
2966 4102 3120 4157 1οΠ
3156 4101 3286 4156 Kor.

668 4203 718 4266 6,
753 4203 820 4257 16
855 4233 922 4242 -
961 4203 1262 4259 181Kor.
1301 4205 1433 4272 13‚9
1470 4235 1536 4243 —
1577 4205 1650 4261 15
1687 4205 1738 4259 H
1774 4205 1905 4261 Kor.
1940 4205 1988 4268 6,
2026 4207 2093 4260 16
2126 4234 2194 4244 -
2233 4205 2537 4263 161K01.
2576 4207 2657 4269 15,
2692 4204 2761 4259 28
2793 4233 2861 4243 -
2903 4203 3025 4259 171³
3070 4203 3123 4258 11
3157 4202 3286 4258 Kor.

669 4305 717 4369 6,
755 4307 821 4360 16
854 4333 922 4343 -
958 4304 1040 4359 20
1074 4305 1195 4360 Joh.
1233 4307 1314 4374 10,
1350 4307 1418 4364 38
1453 4337 1519 4345 -
1557 4306 1633 4361 21
1679 4308 1730 4359 ΙΙ
1767 4307 1895 4362 Kor.
1932 4309 1981 4368 6,
2019 4309 2084 4363 16
2117 4337 2184 4346 -
2222 4307 2298 4362 25
2334 4307 2361 4360 I
2394 4306 2815 4371 Kor.15‚28·—-
2848 4305 2928 4361 82
2974 4305 3111 4360 Luk.
3147 4306 3196 4374 1,
3222 4305 3289 4359 33

838 4455 874 4509 2
909 4448 1158 4524 ἄληκτον
1201 4473 1256 4508 m
1319 4458 1328 4524 Ι
1393 4455 1776 4526 ποιησόμενος
1811 4475 1850 4528 g
1900 4455 2287 4525 ποιησόμενον
2322 4455 2372 4510 V
2435 4457 2445 4524 1
2514 4457 2543 4512 7
2592 4455 2713 4511 hier
2764 4473 2815 4510 a.
2850 4455 2915 4510 R.
2962 4450 3030 4512 ιε’
3066 4455 3116 4509 V
3179 4456 3190 4523 Ι
3254 4453 3290 4509 8

671 4557 857 4625 φήσαι·
891 4557 974 4610 V*
1007 4558 1121 4628 vgl.
1156 4557 1206 4612 S.
1246 4559 1360 4624 180,
1396 4559 1464 4614 10
1500 4561 1787 4629 φήσαντος
1825 4559 1901 4612 V²
1962 4561 1973 4630 Ι
2036 4558 2139 4614 913
2170 4555 2238 4614 τὸ
2274 4555 2403 4614 τότε
2438 4556 2494 4614 S.
2534 4558 2647 4626 137,
2682 4559 2747 4612 27
2812 4558 2822 4626 1
2889 4557 2965 4614 21
3013 4553 3082 4612 τὸ
3118 4560 3292 4612 πᾶσιν

671 4657 768 4724 V*,
805 4674 938 4711 corr.
976 4658 1054 4713 V²
