3694 5582
725 489 801 550 16
1880 481 2146 536 Eusebius

885 643 994 714 διὰ
1039 643 1384 716 τοιούτων
1429 640 1827 730 Μάρκελλος
1868 649 2322 732 παραθέσεων
2388 645 2517 734 τὴν
2578 647 2937 734 ἐκκλησίαν
2988 653 3115 718 τοῦ
3168 653 3341 717 θεοῦ
3406 660 3438 712 9

720 740 1056 814 διδάσκειν
1103 742 1224 824 τὰς
1271 743 1774 826 θεοπνεύστους
1819 763 2000 815 νοεῖν
2046 752 2359 831 πειρᾶται
2400 741 2675 832 γραφάς.
2761 737 2935 832 ολην
2978 750 3049 817 δὲ
3079 744 3340 834 ταύτην

717 849 1111 932 παρεθέμην
1155 843 1284 932 τὴν
1325 843 1590 932 μακρὰν
1646 850 1756 913 καὶ
1811 839 2183 931 ἀδόλεσχον
2242 853 2767 932 περιττολογίαν
2826 850 3034 928 δεῖξαι
3092 843 3338 927 βουλό-

716 969 919 1025 μενος
947 938 1159 1014 αὐτοῦ
1189 942 1316 1032 τὴν
1346 943 1589 1015 ἄνοιαν
1621 949 1742 1031 τῆς
1783 949 2043 1031 πολλῆς
2092 950 2200 1014 καὶ
2248 939 2529 1030 ἀκαίρου
2572 953 2979 1031 φιλοτιμίας,
3022 949 3063 1032 ᾐ
3110 952 3340 1034 κέχρη-

613 1059 648 1112 5
719 1069 831 1110 ται
877 1037 916 1112 ὅ
961 1038 1149 1130 άνήρ,
1195 1049 1342 1114 τῶν
1384 1049 1508 1131 μὲν
1549 1039 1959 1132 Ἑλληνικῶν
2004 1039 2230 1132 λόγων
2275 1047 2760 1128 ἐπιδεικτικῶς,
2818 1051 2966 1116 τῶν
3009 1051 3080 1116 δὲ
3124 1055 3340 1117 θείων

719 1135 1141 1230 άμνημόνως.
1229 1139 1311 1212 οὗ
1354 1142 1478 1230 γὰρ
1533 1141 1620 1213 ἄν
1679 1172 1851 1212 ποτε
1915 1147 2005 1224 εἰς
2067 1140 2408 1231 τοσαύτην
2470 1147 2787 1230 ἐξέπιπτε
2855 1153 3220 1232 φλυαρίαν,
3282 1149 3340 1215 εἰ
3376 1165 3439 1218 10

722 1250 871 1312 τῶν
915 1239 1399 1313 άποστολικῶν
1443 1246 1772 1330 ἐμέμνητο
1818 1239 2422 1330 παραγγελμάτων,
2468 1238 2550 1312 δι’
2599 1245 2701 1312 ῶν
2740 1263 3061 1329 παραινεῖ
3096 1250 3339 1334 χρῆναι

726 1341 846 1412 »τὰ
891 1338 1025 1413 ὑπὸ
1073 1346 1195 1412 τοῦ
1239 1347 1406 1412 θεοῦ
1446 1347 1862 1430 χαρισθέντα
1904 1347 2013 1414 35¹
2058 1337 2249 1430 ἡμῖν(
2310 1351 2543 1412 λαλεῖν
2595 1349 2604 1428 Ι
2666 1339 2827 1414 »οῦκ
2869 1346 2945 1412 ἐν
2988 1347 3337 1426 διδακτοῖς
3378 1364 3449 1417 17

723 1438 1168 1530 ἀνθρωπίνης
1199 1450 1438 1528 σοφίας
1479 1438 1727 1531 λόγοις,
1773 1436 1921 1511 ἄλλ’
1971 1446 2045 1512 ἐν
2084 1447 2423 1524 διδακτοῖς
2466 1439 2871 1530 πνεύματος,
2915 1441 3337 1531 πνευματικὰ

620 1553 685 1606 10
721 1557 1200 1628 πνευματικοῖς
1243 1549 1792 1630 συγκρίνονταςε,
1858 1537 2010 1612 οὐδὲ
2074 1537 2320 1629 νοήσας
2364 1535 2557 1624 ὅπως
2600 1543 2843 1629 ἐλέχθη
2890 1541 2971 1614 τὸ
3023 1541 3339 1630 »ψυχικὸς
3376 1558 3454 1609 11·

723 1637 1100 1728 ἄνθρωπος
1142 1637 1226 1710 οὗ
1269 1647 1530 1728 δέχεται
1572 1639 1658 1711 τὰ
1704 1648 1830 1711 τοῦ
1872 1639 2258 1728 πνεύματος
2302 1648 2427 1712 τοῦ
2469 1647 2657 1724 θεοῦ,
2709 1649 2931 1729 μωρία
2973 1639 3101 1730 γὰρ
3144 1639 3336 1730 αὐτῶ

721 1741 923 1822 ἐστίν,
969 1747 1079 1809 καὶ
1124 1736 1207 1810 οὐ
1251 1738 1537 1810 δύναται
1581 1749 1859 1828 γνῶναι,
1906 1734 2016 1810 ὅτι
2044 1748 2517 1822 πνευματικῶς
2564 1737 3049 1828 ἇνακρίνεταιι.
3122 1747 3339 1812 ταῦτα

721 1843 795 1906 δὲ
838 1833 1174 1927 ἀγνοήσας
1219 1840 1382 1921 τοὺς
1423 1835 1771 1928 (Ελλήνων
1813 1839 2070 1926 σοφοὺς
2114 1836 2444 1925 υπέλαβεν
2486 1846 2742 1928 γνῶσιν
2802 1843 3151 1930 ἐσχηκέναι
3216 1846 3340 1929 τῆς

721 1933 856 2006 ῦπὸ
903 1945 1029 2008 τοῦ
1072 1943 1241 2010 θεοῦ
1285 1947 1386 2028 τῷ
1433 1945 1802 2027 Σολομῶνι
1846 1945 2272 2028 χαρισθείσης
2316 1948 2559 2026 σοφίας
2610 1947 2723 2009 καὶ
2777 1938 3070 2027 γνόντας
3102 1948 3342 2062 ζηλῶ-

624 2049 686 2102 15
721 2061 833 2106 σαι
877 2034 958 2108 τὸ
1002 2035 1454 2127 προφητικόν,
1501 2035 1597 2121 ῶς
1641 2034 1849 2122 αὐτός
1894 2063 2117 2128 φησιν,
2164 2035 2443 2127 γράμμα.
2529 2045 2637 2108 καὶ
2684 2046 2834 2120 πῶς
2878 2039 3014 2110 οἶοί
3058 2035 3119 2110 τ’
3165 2041 3340 2128 ἦσαν
3377 2051 3439 2104 12

723 2143 980 2224 γνῶναι
1024 2136 1110 2208 τὰ
1156 2149 1310 2210 θεῖα
1353 2147 1458 2208 καὶ
1510 2145 1804 2226 ζηλῶσαι
1837 2141 1901 2208 οἱ
1932 2145 2203 2226 ψυχικοὶ
2247 2145 2357 2209 καὶ
2403 2167 2529 2208 ουκ
2573 2137 2827 2220 εἰδότες
2878 2139 3338 2226 »πνευματικά

719 2256 1235 2324 πνευματικοῖς(
1287 2245 1682 2327 συγκρίνειν,
1729 2243 1856 2308 τοῦ
1900 2246 2098 2308 θείου
2144 2234 2537 2309 ἀποστόλου
2578 2234 3113 2328 ἀποφηναμένου
3156 2261 3341 2327 ψυχι-

719 2335 846 2408 κὸν
891 2335 1274 2422 ἄνθρωπον
1318 2336 1408 2426 μὴ
1455 2343 1764 2425 δέχεσθαι
1829 2336 1953 2407 »τὰ
2014 2343 2140 2408 τοῦ
2198 2335 2583 2424 πνεύματος
2629 2345 2755 2408 τοῦ
2797 2344 3038 2423 θεοῦ«;
3110 2345 3237 2409 τοῦ
3280 2334 3339 2408 δ’

723 2433 933 2509 αὐτοῦ
978 2435 1327 2526 φήσαντος
1369 2434 1458 2524 μὴ
1504 2435 1836 2508 δύνασθαι
1887 2442 2148 2523 γνῶναι
2212 2435 2337 2507 τὸν
2400 2435 2687 2523 ψυχικὸν
2750 2438 2837 2508 τὰ
2894 2435 3340 2526 πνευματικά,

617 2541 688 2596 20
729 2527 875 2604 »ὅτι
913 2542 1386 2623 πνευματικῶς
1443 2532 1944 2623 άνακρίνεταιι,
2008 2532 2477 2620 άντιδοξάζων
2536 2530 2574 2606 6
2636 2555 2943 2624 γενναῖος
3007 2543 3109 2627 τῶ
3172 2533 3339 2608 άπο-

721 2633 950 2722 στόλῳ
1013 2630 1252 2720 φάσκει
1317 2635 1442 2706 τὸν
1505 2631 1718 2706 αὐτὸν
1779 2633 2042 2722 τρόπον
2103 2641 2205 2724 τῷ
2267 2642 2636 2722 Σολομῶνι
2701 2641 3105 2724 γεγραφέναι
3176 2635 3341 2720 τοῦς

721 2731 845 2816 τὰς
901 2729 1291 2835 Ἑλληνικὰς
1351 2741 1710 2824 παροιμίας
1779 2740 2291 2823 πεποιημένους.
2380 2740 2553 2823 λέγει
2614 2731 2673 2805 δ’
2736 2729 2861 2808 οὖν
2920 2740 3028 2807 ἐπὶ
3092 2742 3339 2823 λέξεως
3375 2757 3439 2809 13

845 2838 982 2921 (Nr.
1018 2844 1154 2919 112)
1201 2833 1428 2923 ἐπειδὴ
1473 2854 1620 2917 ταῖς
1652 2841 1777 2906 τοῦ
1807 2830 2231 2922 σοφωτάτου
2265 2842 2689 2921 Σολομῶνος
2717 2842 3115 2925 Παροιμίαις
3148 2840 3339 2907 ἐντυ-

843 2928 1081 3021 χόντες
1132 2942 1238 3003 καὶ
1297 2931 1578 3021 γνόντες
1639 2930 1721 3006 δι’
1771 2931 2008 3005 αὐτῶν
2052 2928 2161 3005 ὅτι
2207 2930 2407 3005 οὐδέν
2450 2938 2637 3005 ἐστιν
2680 2940 2756 3005 ἐκ
2802 2941 2928 3007 τοῦ
2970 2944 3339 3025 προχείρου

619 3046 686 3100 25
847 3040 1084 3118 σαφῶς
1116 3040 1262 3103 τῶν
1292 3038 1365 3103 ἐν
1395 3030 1629 3116 αὐταῖς
1662 3041 2034 3124 εἰρημένων
2061 3043 2326 3118 μαθεῖν,
2357 3042 2470 3103 καὶ
2502 3030 2698 3105 αὐτοὶ
2732 3042 3026 3124 ζηλῶσαι
3059 3035 3139 3105 τὸ
3170 3063 3345 3122 προ-

849 3131 1144 3219 φητικὸν
1171 3139 1624 3221 βουληθέντες
1654 3130 1919 3222 γράμμα
1964 3131 2089 3203 τὸν
2138 3131 2349 3203 αὐτὸν
2388 3138 2625 3222 ἐκείνῳ
2658 3132 3029 3222 γεγράφασι
3060 3132 3345 3221 τρόπον.

724 3237 966 3318 σκέψαι
1010 3237 1080 3302 δὲ
1122 3238 1232 3302 καὶ
1279 3231 1518 3325 ἄλλως,
1552 3237 1620 3319 ἐξ
1667 3230 1900 3304 αὐτῶν
1944 3240 2091 3304 τῶν
2136 3240 2585 3321 παραθέσεων
2641 3229 2807 3305 ὅσον
2852 3240 2973 3323 τῆς
3018 3231 3346 3324 άληθείας

726 3328 1107 3419 διήμαρτεν,
1155 3333 1370 3403 είπών
1415 3331 1576 3415 τοὺς
1617 3327 2121 3423 παρ’(Ἐλλησιν
2152 3332 2278 3404 τὸν
2310 3329 2524 3403 αὐτὸν
2568 3340 2669 3422 τῶ
2700 3342 3071 3422 Σολομῶνι
3115 3363 3347 3423 γεγρα-

725 3435 923 3515 φέναι
967 3426 1250 3517 τρόπον.
1336 3427 1374 3501 6
1435 3437 1559 3519 μὲν
1618 3432 1744 3520 γὰρ
1789 3433 2133 3520 Σολομῶν
2194 3429 2612 3521 θεοδωρήτῳ
2676 3441 2884 3525 σοφίᾳ
2943 3432 3345 3522 κινούμενος
3384 3454 3445 3505 14

617 3543 690 3596 30
723 3536 948 3600 πᾶσαν
990 3526 1204 3601 αὐτοῦ
1247 3530 1376 3619 τὴν
1419 3531 1688 3621 γραφὴν
1731 3528 1834 3601 ἐπ’
1884 3528 2181 3622 ω’φελείᾳ
2224 3538 2337 3599 καὶ
2382 3541 2683 3623 σωτηρίᾳ
2745 3540 2991 3621 ψυχῶν
3054 3540 3156 3621 τῷ
3220 3538 3345 3620 τῆς

726 3637 1108 3712 θεοσεβείας
1153 3628 1456 3701 ἀνετίθει
1502 3628 1703 3719 λόγῳ,
1751 3638 2118 3718 γυμνασίου
2160 3628 2219 3701 δ’
2266 3632 2490 3702 ἕνεκεν
2534 3637 2658 3719 τῆς
2703 3639 2850 3702 τῶν
2896 3630 3345 3720 ἐντυγχανόν-

725 3756 873 3798 των
919 3736 1218 3813 διανοίας
1280 3749 1654 3811 σκοτεινοῖς
1715 3734 1960 3818 ἐχρῆτο
2018 3728 2483 3819 προβλήμασιν
2542 3738 2653 3802 καὶ
2722 3728 2953 3819 λόγων
3014 3751 3347 3821 στροφαῖς

723 3834 835 3895 καὶ
881 3846 1142 3913 φωναῖς
1187 3828 1270 3899 δι’
1315 3826 1736 3919 αἰνιγμάτων
1779 3836 2402 3919 προενηνεγμέναις.
2486 3837 2599 3899 καὶ
2660 3837 2872 3901 τοῦτο
2934 3827 2991 3901 δ’
3038 3834 3113 3902 ἐν
3174 3828 3345 3921 άρχῇ

725 3932 846 4014 τῆς
889 3935 1122 4011 βίβλου
1164 3927 1570 4018 μαρτύρεται
1616 3935 1835 4016 λέγων
1887 3936 2145 4001 »τῶνδε
2188 3929 2311 4017 γὰρ
2356 3926 2647 4011 ἀκούσας
2692 3928 2909 4016 σοφὸς
2944 3930 3347 4019 σοφώτερος

617 4043 688 4095 35
723 4027 936 4105 ἔσται,
1011 4022 1047 4097 0‘
1124 4033 1193 4097 δὲ
1256 4025 1535 4116 νοήμων
1607 4034 2001 4117 κυβέρνησιν
2072 4027 2422 4117 κτήσεται,
2500 4026 2729 4117 νοήσει
2802 4060 2878 4101 τε
2944 4030 3347 4121 παραβολὴν

901 4262 938 4318 8
975 4262 1000 4315 I
1038 4263 1164 4318 Kor.
1199 4266 1248 4329 2,
1287 4266 1487 4319 12—14
1521 4295 1588 4305 -
1629 4266 1702 4321 15
1739 4265 1849 4335 vgl.
1875 4266 1967 4319 Nr.
1989 4270 2089 4322 112
2123 4297 2187 4306 —
2227 4267 2453 4323 16—20
2488 4268 2511 4319 1
2549 4268 2676 4322 Kor.
2702 4270 3057 4335 2,12—14—-
3092 4268 3349 4338 2lfvgl.

730 4363 824 4419 Nr.
863 4364 962 4417 112
997 4394 1062 4401 —
1100 4366 1178 4419 28
1215 4366 1326 4434 vgl.
1361 4366 1452 4420 Nr.
1491 4368 1590 4421 112
1627 4396 1690 4405 —
1729 4367 1807 4422 34
1842 4366 2003 4421 Prov.
2042 4370 2089 4432 1,
2126 4372 2172 4423 5.
2210 4372 2243 4424 6

897 4549 972 4603 123
1009 4549 1048 4607 l.
1081 4550 1186 4617 δὴὶ)
1234 4554 1242 4616 Ι
1294 4551 1369 4605 19
1406 4548 1507 4605 τὸν
1527 4552 1602 4605 V²
1636 4550 1702 4606 τὸ
1730 4550 1810 4604 V*
1839 4556 1849 4615 Ι
1882 4555 1959 4611 22
1996 4552 2381 4621 πεποιηκότας
2414 4566 2499 4607 mr
2536 4564 2545 4623 Ι
2585 4554 2664 4609 23
2708 4550 2895 4625 ἐπειδὴ
2942 4554 3067 4607 and.
3110 4554 3187 4609 St.
3222 4550 3348 4609 ἐπεὶ

719 4648 780 4705 δὲ
803 4649 847 4703 V
889 4652 897 4719 Ι
944 4650 1016 4705 24
1051 4652 1378 4723 προχείρου]
1417 4660 1480 4717 -Ι-
1517 4655 1613 4708 καὶ
1649 4668 1732 4706 mr
1761 4655 1770 4722 Ι
1801 4656 1879 4711 26
1913 4652 2233 4726 γεγράφασι
2270 4655 2395 4709 and.
2434 4656 2507 4708 St.
2546 4658 3005 4727 γεγραφὴκασιΞ
3042 4656 3091 4708 V
