3694 5582
733 495 848 554 124
1919 486 2188 544 Eusebius

385 665 448 740 j·
503 661 629 716 1²27
669 629 788 735 ὶῖί.)

621 1557 689 1612 10

620 2057 688 2111 15

617 2554 686 2610 20

851 652 941 735 (N
944 677 990 720 r
1033 656 1139 736 68)
1185 657 1271 772 τί
1322 641 1477 734 οὖν,·
1535 655 1596 721 εἰ
1651 650 1742 740 μὴ
1797 656 1899 740 τῷ
1951 649 2283 740 πνεύματι
2330 655 2781 738 προσέχοντες
2824 645 3101 738 δυνάμει
3142 643 3349 719 ἀδιαί-

852 776 1056 837 ρετον
1127 747 1258 839 τὴν
1327 747 1592 840 μονάδα
1664 751 1836 822 εἶναι
1906 759 2317 840 νομίζοιμεν,
2402 741 2530 838 ἆρα
2600 746 2725 837 οὐχ
2794 744 3346 839 ἁμαρτησόμεθα,

852 856 1092 936 σαφῶς
1133 855 1264 922 τοῦ
1306 847 1516 938 λόγου
1561 845 2005 933 διδάσκοντος
2048 847 2219 940 ἡμᾶς
2267 848 2541 938 »κύριον
2585 847 2712 921 τὸν
2761 844 2933 920 θεόν
2976 871 3097 920 σου
3138 872 3343 936 προσ-

848 946 1158 1040 κυνήσεις
1217 956 1330 1021 καὶ
1390 947 1582 1041 αύτῷ
1640 947 1836 1041 μόνῳ
1882 950 2321 1039 λατρεύσειςι.
2406 948 2489 1022 τὸ
2545 945 2715 1022 αὐτὸ
2760 955 2830 1020 δὲ
2890 955 3005 1019 καὶ
3062 947 3175 1020 διὰ
3218 954 3345 1020 τοῦ
3378 959 3412 1012 6

847 1047 1024 1120 κατὰ
1068 1055 1356 1136 Μᾶρκον
1400 1046 1816 1139 Εὖαγγελίου
1866 1049 2215 1140 κηρύττει·
2286 1047 2438 1132 ἑνὸς
2482 1047 2609 1138 γάρ
2661 1076 2849 1132 τινος
2904 1053 3345 1138 γραμματέως

847 1146 1366 1237 προσελθόντος
1409 1145 1596 1239 αύτῷ
1641 1157 1754 1222 καὶ
1794 1156 2343 1242 πυνθανομένου,
2389 1157 2494 1233 τίς
2530 1152 2633 1239 εἴη
2674 1148 2919 1237 πρώτη
2963 1155 3111 1218 τῶν
3152 1151 3344 1219 ἐντο-

849 1253 1024 1332 λῶν,
1086 1249 1502 1338 ἀπεκρίνατο
1563 1249 1737 1340 πρὸς
1796 1247 2013 1323 αὐτὸν
2074 1279 2301 1333 ουτως
2360 1249 2578 1321 είπών
2643 1245 2974 1321 »πάντων
3031 1253 3344 1336 πρῶτον·

848 1344 1071 1432 ἄκουε,
1114 1343 1400 1438 Ἰσραήλ,
1458 1347 1692 1439 κύριος
1735 1379 1774 1423 ο
1817 1352 1982 1434 θεὸς
2023 1347 2223 1441 ἡμῶν
2228 1346 2515 1470 -.κύριος
2537 1347 2632 1432 εἷς
2672 1353 2889 1434 ἐστιν,
2930 1349 3045 1419 καὶ
3088 1343 3343 1436 ἀγαπή-

847 1470 983 1529 σεις
1023 1445 1264 1534 κύριον
1305 1447 1432 1520 τὸν
1474 1446 1646 1522 θεόν
1687 1473 1812 1522 σου
1854 1453 1925 1537 ἐξ
1969 1443 2132 1539 ολης
2176 1455 2299 1540 τῆς
2337 1454 2555 1538 ψυχῆς
2598 1471 2723 1521 σου
2760 1454 2873 1520 καὶ
2903 1452 2975 1536 ἐξ
3019 1439 3185 1535 ολης
3220 1451 3345 1535 τῆς

847 1545 1072 1634 ἰσχύος
1115 1570 1254 1620 σου.
1314 1554 1425 1622 71²
1495 1578 1670 1639 αυτη
1697 1549 1966 1639 πρώτη·
2010 1556 2121 1621 καὶ
2152 1555 2433 1636 δευτέρα
2462 1544 2663 1638 ὁμοία
2693 1545 2935 1635 ταύτῃ·
2980 1543 3343 1636 ἀγαπήσεις

845 1645 974 1718 τὸν
1015 1653 1312 1736 πλησίον
1361 1670 1486 1720 σου
1537 1678 1634 1730 ως
1685 1645 1992 1720 σεαυτόν.
2074 1653 2332 1737 μείζων
2382 1647 2661 1721 τούτων
2705 1647 2879 1738 ἄλλη
2922 1646 3175 1737 ἐντολὴ
3216 1641 3342 1717 ούκ
3376 1661 3409 1713 7

847 1746 1048 1815 ἔστιν.
1132 1752 1245 1816 καὶ
1287 1748 1475 1818 εἶπεν
1519 1745 1708 1838 αύτῷ
1755 1743 1794 1820 δ
1839 1746 2286 1838 γραμματεύς·
2328 1756 2575 1834 καλῶς,
2623 1744 2999 1832 διδάσκαλε,
3042 1743 3147 1820 ἐπ’
3178 1743 3339 1833 άλη-

845 1849 1036 1927 θείας
1093 1847 1287 1930 εἱπας
1347 1841 1460 1918 ὅτι
1519 1847 1614 1930 εἷς
1672 1854 1859 1920 ἐστιν
1918 1843 1957 1918 ὁ
2018 1847 2184 1930 θεὸς
2240 1856 2355 1920 καὶ
2415 1845 2542 1920 ούκ
2601 1852 2785 1919 ἔστιν
2833 1845 3020 1935 πλὴν
3071 1840 3341 1918 αύτοῦι.

847 1937 996 2015 ἀλλ’
1041 1973 1080 2016 ο
1130 1951 1256 2033 μὲν
1306 1946 1729 2038 γραμματεὺς
1788 1947 1901 2019 διὰ
1960 1953 2087 2020 τοῦ
2146 1944 2361 2036 νόμου
2420 1949 2552 2040 τὴν
2608 1954 3000 2032 θεοσέβειαν
3040 1953 3341 2034 μεμαθη·
3374 1965 3413 2020 8

843 2049 1033 2115 κέναι
1094 2051 1351 2131 δοκῶν,
1411 2050 1714 2120 ἐπαινῶν
1773 2046 1857 2119 τὸ
1920 2053 2046 2119 τοῦ
2087 2054 2399 2138 σωτῆρος
2458 2047 2675 2137 ρητὸν
2718 2053 3030 2136 φαίνεται
3084 2044 3340 2128 »hev-s,

841 2137 1158 2233 Ἰσραὴλ«,
1203 2153 1526 2236 λέγοντος
1576 2145 1842 2238 »κύριος
1886 2142 1926 2218 δ
1970 2143 2133 2230 θεός
2161 2171 2285 2220 σου
2326 2147 2420 2230 εἶς
2460 2152 2682 2220 ἐστιν(
2730 2153 2845 2218 καὶ
2888 2173 3073 2234 ορκῳ
3116 2149 3343 2225 καλῶς

845 2247 1155 2332 εἰρῆσθαι
1197 2243 1672 2334 πιστούμενος·
1752 2243 1892 2318 »ἐπ’
1948 2243 2303 2337 ἀληθείας(
2372 2243 2497 2337 γάρ
2551 2269 2756 2336 φησιν
2813 2247 3041 2328 »εἶπας
3096 2237 3207 2316 ὅτι
3250 2243 3343 2326 εἷς

843 2344 1030 2414 ἐστιν
1073 2373 1111 2414 ο
1154 2343 1320 2428 θεὸς
1360 2352 1474 2416 καὶ
1527 2343 1652 2418 ούκ
1703 2347 1889 2418 ἔστιν
1950 2346 2157 2430 ἄλλος
2212 2345 2399 2437 πλὴν
2458 2342 2729 2418 αύτοῦι.
2814 2347 2879 2418 οὶ
2940 2349 3013 2416 δὲ
3073 2343 3158 2414 τὰ
3221 2347 3343 2432 τῆς

845 2446 1000 2525 νέας
1059 2440 1396 2534 διαθήκης
1437 2441 1805 2534 αὖχοῦντες
1847 2449 2096 2518 εἰδέναι
2145 2444 2503 2536 μυστήρια,
2549 2439 2747 2518 οὗτοι
2785 2453 2899 2517 καὶ
2956 2441 3341 2533 δεύτερον

845 2534 1309 2614 ἀναπλάττειν
1338 2543 1536 2616 θεὸν
1564 2545 1935 2630 βούλονται
1976 2541 2415 2619 ὑποστάσει
2458 2553 2587 2618 καὶ
2632 2541 2961 2634 δυνάμει
3002 2539 3339 2632 χωριζό-

843 2667 1086 2727 μενον
1129 2650 1275 2714 τοῦ
1307 2643 1632 2733 πατρός.
1698 2651 1708 2730 Ι
3382 2659 3500 2715 182

719 2737 995 2825 τούτοις
1035 2751 1489 2833 προστίθησιν
1529 2741 2057 2833 κατασκευάζων
2118 2773 2229 2817 οτι
2283 2745 2376 2829 εἷς
2419 2749 2604 2818 ἐστιν
2646 2739 2685 2817 ὁ
2730 2743 2894 2828 θεὸς
2936 2749 3048 2815 καὶ
3094 2770 3204 2814 οτι
3244 2738 3335 2832 μή
3374 2763 3411 2818 9

715 2842 904 2913 ἐστιν
944 2840 1089 2925 υἱὸς
1132 2841 1244 2915 διὰ
1285 2841 1562 2915 τούτων

430 2948 590 3049 ,ε

616 3050 683 3106 25

701 2964 790 3030 ,(3
843 2936 980 3029 (Nr.
1023 2949 1132 3029 68)
1177 2972 1288 3014 οτι
1332 2947 1403 3014 δὲ
1445 2943 1575 3034 τὴν
1615 2940 1879 3034 μονάδα
1928 2941 2166 3033 κύριον
2215 2950 2327 3016 καὶ
2368 2944 2539 3017 θεὸν
2591 2946 2775 3017 οἶδεν
2816 2956 3053 3017 καλεῖν
3069 2939 3139 3067 ἦ
3184 2950 3338 3015 θεία

845 3039 1089 3131 γραφή,
1129 3037 1260 3131 ἤδη
1303 3049 1416 3115 καὶ
1459 3048 1534 3115 ἐκ
1577 3049 1724 3115 τῶν
1766 3051 2281 3135 προειρημένων
2323 3050 2537 3135 δῆλον
2565 3050 2859 3133 γέγονεν,
2872 3039 2987 3165 tde?
3036 3072 3137 3114 ων
3166 3042 3341 3131 πρὸς

842 3140 969 3212 τὸν
998 3142 1244 3214 ἑαυτοῦ
1271 3139 1673 3231 θεράποντα
1703 3150 1956 3215 Μωσέα
2000 3139 2039 3216 ὁ
2085 3143 2248 3229 θεὸς
2292 3147 2423 3234 ἔφη
2473 3144 2701 3215 »εἶπεν
2738 3149 2811 3215 δὲ
2854 3136 2893 3215 δ
2936 3141 3101 3226 θεὸς
3129 3140 3343 3215 πάλιν

840 3238 1013 3327 πρὸς
1056 3247 1330 3314 Μωσέα·
1391 3270 1618 3326 ουτως
1660 3248 1832 3333 ἐρεῖς
1876 3262 2021 3327 τοῖς
2062 3248 2232 3329 υἱοῖς
2273 3240 2553 3333 Ἰσραήλ·
2624 3241 2853 3333 κύριος
2900 3238 2939 3315 ὅ
2982 3241 3147 3326 θεὸς
3190 3248 3341 3313 τῶν

839 3346 1160 3430 πατέρων
1218 3338 1441 3430 ὑμῶν,
1505 3337 1544 3413 ὅ
1604 3342 1770 3425 θεὸς
1829 3340 2115 3433 Ἀβραὰμ
2176 3350 2288 3415 καὶ
2356 3372 2393 3415 ο
2455 3340 2619 3425 θεὸς
2658 3338 2873 3413 Ἰσαὰκ
2923 3348 3037 3413 καὶ
3090 3336 3129 3413 δ
3174 3344 3340 3425 θεὸς

838 3437 1083 3525 Ιακωβ,
1127 3436 1549 3514 ἀπέσταλκέν
1590 3470 1668 3530 με
1708 3440 1884 3531 πρὸς
1925 3440 2151 3533 υμᾶςε.
2222 3438 2387 3535 δρᾷς
2432 3472 2625 3526 οπως
2654 3445 2729 3515 ἓν
2772 3442 3149 3527 ἐπιδεικνῦς
3178 3437 3339 3531 ἡμῖν

839 3544 1145 3611 ἐνταῦθα
1185 3536 1566 3629 πρόσωπον
1608 3540 1690 3613 τὸ
1735 3538 1905 3613 αὐτὸ
1947 3542 2187 3630 κύριον
2214 3549 2325 3615 καὶ
2368 3540 2541 3615 θεὸν
2568 3540 3065 3632 προσαγορεύει.
3138 3534 3339 3625 αὖθίς
3380 3570 3451 3627 10

839 3668 914 3710 τε
957 3634 1209 3729 ὁμοίως
1259 3636 1300 3729 ἦ
1353 3641 1581 3733 γραφὴ
1643 3647 1818 3730 λέγει
1880 3650 2027 3713 »καὶ
2068 3638 2393 3732 ἐλάλησεν
2434 3641 2697 3763 κύριος(
2706 3639 2974 3725 πάντας
3018 3642 3182 3725 τοὺς
3223 3638 3337 3713 λό-

836 3768 996 3829 γους
1037 3737 1328 3822 τούτους
1370 3744 1619 3829 λέγων·
1690 3743 1825 3829 ἐγω
1886 3740 2117 3830 κύριος
2160 3736 2200 3812 ὅ
2245 3738 2410 3823 θεός
2452 3764 2603 3827 σου,
2658 3736 2697 3812 δ
2750 3740 3101 3830 ἐξαγαγών
3142 3764 3213 3815 σε
3260 3746 3339 3813 ἐκ

839 3844 960 3928 γῆς
1004 3838 1384 3928 Αἰγύπτου,
1447 3843 1518 3926 ἐξ
1579 3844 1772 3913 οἴκου
1822 3846 2147 3924 δουλείας.
2233 3838 2359 3915 ούκ
2419 3844 2691 3913 ἔσονταί
2743 3864 2849 3913 σοι
2905 3849 3057 3913 θεοὶ
3113 3842 3345 3930 ἕτεροι,

883 4060 922 4115 8
955 4059 1154 4114 Μειῌὼ.
1188 4063 1239 4124 4,
1276 4060 1357 4115 10.
1403 4058 1539 4114 Luk.
1574 4062 1624 4127 4,
1659 4060 1695 4115 8
1729 4090 1796 4101 —-
1831 4062 1937 4118 511³
1964 4060 2139 4117 Mark.
2180 4064 2259 4128 12,
2284 4062 2365 4117 28.
2402 4062 2471 4119 29
2506 4092 2573 4103 —
2612 4064 2640 4118 7
2684 4062 2862 4119 Mna-k.
2900 4064 2983 4129 12,
3017 4062 3223 4119 29—32
3264 4094 3337 4103 -

715 4161 791 4217 15
827 4160 1002 4215 Mark.
1041 4162 1123 4229 12,
1147 4162 1216 4218 29
1249 4190 1318 4201 —-
1354 4162 1429 4219 17
1469 4161 1645 4216 Mark.
1683 4163 1765 4230 12,
1802 4164 1870 4217 32
1903 4194 1971 4203 —
2006 4164 2085 4221 26
2122 4162 2224 4219 Ex.
2260 4164 2309 4233 3,
2348 4167 2413 4220 15
2450 4192 2515 4203 —
2552 4164 2627 4220 81
2666 4164 2766 4219 Ex.
2802 4164 2884 4230 20,
2924 4168 3058 4221 1-3

882 4362 915 4415 1
962 4360 1062 4431 μὴ]
1097 4359 1204 4430 μὲν
1238 4373 1322 4416 mr
1377 4362 1387 4429 Ι
1453 4362 1490 4417 8
1542 4356 1704 4431 ὑμῶν
1740 4363 1820 4418 V²
1880 4364 1892 4432 1
1955 4366 1993 4420 9
2048 4358 2225 4434 ὅληςῑ]
2267 4372 2332 4431 ÷
2367 4376 2466 4435 τῆς
2506 4366 2743 4439 καρδίας
2786 4382 2889 4421 σου
2938 4368 3040 4423 καὶ
3090 4362 3153 4433 ἐξ
3196 4362 3333 4436 ὅλης

708 4462 803 4517 ΝΤ
855 4464 864 4531 1
929 4457 1108 4532 ὅληςῖ]
1133 4469 1199 4527 «Ι-
1229 4468 1329 4531 τῆς
1363 4464 1618 4528 διανοίας
1651 4480 1755 4520 σου
1788 4466 1889 4521 καὶ
1924 4463 1985 4532 ἐξ
2020 4460 2154 4536 ὅλης
2186 4465 2281 4521 ΝΤ
2316 4468 2405 4537 (<
2438 4466 2542 4523 DH
2573 4468 2729 4537 usw.)
2792 4470 2803 4536 Ι
2869 4469 2945 4524 11
2994 4462 3198 4524 ἑαυτὸν
3232 4466 3331 4533 V*,

709 4580 846 4621 corr.
882 4563 960 4618 V²
1010 4565 1019 4631 Ι
1077 4564 1148 4620 16
1182 4562 1366 4635 λέγων
1401 4563 1464 4631 V,
1501 4581 1639 4619 σοι-τ.
1667 4566 1740 4619 Κ1
1803 4566 1814 4634 Ι
1887 4567 1958 4622 17
1998 4566 2383 4637 πιστούμενος
2416 4586 2443 4623 r
2477 4570 2591 4640 vgl.
2617 4570 2668 4625 S.
2705 4570 2819 4636 136,
2849 4571 2930 4625 11.
2966 4570 3034 4627 29
3074 4570 3333 4627 πιστευό-

707 4664 948 4733 μενοςν
995 4667 1006 4733 Ι
1073 4667 1151 4721 26
1185 4658 1346 4721 εἶπεν
1379 4664 1439 4722 δὲ
1473 4666 1522 4721 V
1556 4684 1610 4723 u.
1646 4665 1879 4721 Luciam
1912 4668 2059 4725 LXX
2092 4672 2191 4726 καὶ
2226 4664 2384 4727 εἶπεν
2421 4670 2569 4725 Lxx
