3694 5582
1168 505 1236 560 de
1270 505 1644 561 ecelesiastica
1675 505 1960 577 theologia
1994 511 2045 562 II
2080 511 2299 566 21-23.
2931 515 3045 578 133

429 677 580 740 τῶν
623 668 903 742 αἰώνων
947 677 1059 740 καὶ
1103 664 1240 741 ἀπὸ
1285 675 1436 740 τῶν
1466 676 1759 758 γενεῶν(
1796 671 1907 744 διὰ
1938 679 2062 762 τῆς
2092 669 2307 746 αὐτοῦ
2333 670 2609 762 χάριτος
2639 669 3045 762 ἐταμιεύετο,

427 775 503 841 ἐν
548 761 605 859 ᾧ
650 776 994 858 μυστηρίῳ
1039 763 1076 840 ὁ
1120 774 1273 857 περὶ
1317 773 1442 856 τῆς
1485 764 1676 858 άγίας
1719 769 1998 860 τριάδος
2040 771 2303 860 πατρὸς
2344 781 2457 844 καὶ
2500 776 2653 844 υἱοῦ
2694 776 2809 842 καὶ
2852 767 3048 859 άγίου

427 869 815 958 πνεύματος
856 875 1228 956 περιείχετο
1274 865 1494 956 λόγος.
1579 864 1618 940 6
1662 876 1736 941 δὲ
1779 878 2079 943 τοσαῦτα
2124 873 2525 960 συναγαγών
2571 865 2695 942 όσα
2738 869 2825 942 ἀν
2866 875 3114 942 ειποιῦ

427 978 544 1040 καὶ
569 965 914 1042 Ἰουδαίων
957 965 1361 1050 διδάσκαλος
1402 975 1556 1058 περὶ
1599 975 1724 1058 τῆς
1753 975 2044 1060 ἐκτομῆς
2088 965 2352 1092 ‹imm-v
2396 976 2470 1043 ἐν
2511 966 2852 1044 Ἰουδαίων
2894 994 3045 1041 συν-

359 1081 394 1135 5
429 1077 686 1159 αγωγῇ,
757 1067 1152 1158 σεμνύνεται
1223 1085 1370 1151 τοῖς
1443 1075 1740 1158 Χριστοῦ
1798 1080 2139 1161 μαθηταῖς
2197 1079 2415 1143 ταῦτα
2473 1067 3047 1160 προβαλλόμενος,

429 1167 554 1242 οῦκ
613 1169 809 1252 εἰδώς
870 1163 981 1240 ότι
1031 1175 1316 1240 πλείονα
1367 1165 1582 1241 αυτοῦ
1625 1173 1803 1240 εἴποι
1846 1167 1933 1241 ἀν
1998 1167 2035 1242 6
2098 1171 2485 1259 σωματικὰς
2526 1166 2852 1252 Ἰουδαῖος.
2938 1173 3047 1240 ἐπὶ

432 1267 706 1352 τούτοις
747 1275 872 1358 μὲν
915 1261 1039 1340 οὖν
1083 1265 1285 1356 αὖχεῑ,
1332 1267 1457 1350 τὰς
1502 1265 1569 1339 δ’
1617 1265 1897 1359 ἀληθεῖς
1938 1278 2092 1359 περὶ
2138 1276 2264 1343 τοῦ
2294 1277 2606 1360 σωτῆρος
2648 1266 2844 1360 ἡμῶν
2887 1279 3047 1340 θεο-

430 1377 662 1458 λογίας
704 1374 1138 1457 διαστρέφων
1180 1364 1304 1438 οῦκ
1346 1367 1861 1457 ἐγκαλύπτεται.
1938 1376 1947 1457 Ι
3087 1375 3201 1431 141

595 1475 678 1542 23
719 1465 960 1540 αυτὶκα
1004 1465 1061 1538 δ’
1107 1461 1234 1540 οὖν
1276 1496 1360 1538 ου
1401 1475 1706 1558 συνίησιν
1760 1469 1885 1550 τὰς
1938 1468 2177 1557 φωνὰς
2230 1475 2357 1540 τοῦ
2400 1475 2597 1541 θείου
2636 1465 3047 1551 ἀποστόλου,
3088 1470 3175 1532 ὅτι
3205 1477 3283 1562 μὴ
3320 1473 3418 1530 δύο

330 1583 396 1637 10
431 1566 779 1656 διαφόρως
823 1565 1220 1654 διδάξαντος
1263 1564 1479 1638 αυτὸν
1519 1569 1692 1639 εἶναι
1736 1565 1969 1639 εἰκόνα
2010 1576 2139 1642 τοῦ
2182 1575 2349 1640 θεοῦ
2390 1574 2500 1642 74¹
2545 1564 2628 1639 δι’
2686 1596 2790 1637 ων
2833 1570 3049 1652 ἐξεθέ-
3086 1541 3417 1696 ἷξξξῗαὴἐῇ

429 1696 564 1758 μην
605 1665 818 1742 αὐτοῦ
862 1675 1142 1755 λέξεων,
1207 1672 1362 1738 δέον
1422 1671 1745 1740 ἐντεῦθεν
1804 1685 2099 1740 συνεῖναι
2146 1698 2241 1752 ως
2302 1698 2384 1742 ου
2436 1666 2559 1740 δύο
2609 1663 2899 1756 θεοὺς’ἢ
2946 1670 3049 1737 ἐκ·
3155 1677 3357 1746 ρύττει.

431 1775 674 1857 κλησία
717 1775 845 1840 τοῦ
887 1774 1058 1841 θεοῦ
1098 1766 1445 1858 κηρύττει·
1509 1763 1592 1838 οὗ
1649 1764 1776 1856 γὰρ
1831 1765 1951 1839 δύο
2006 1764 2343 1859 ἀγέννητα
2397 1763 2553 1840 οὐδὲ
2608 1765 2729 1838 δύο
2774 1765 3049 1854 ἄναρχα,

434 1863 530 1950 οὖς
573 1865 908 1950 πολλάκις
952 1863 1110 1956 ἡμῖν
1155 1871 1442 1956 εἴρηται,
1506 1862 1662 1938 οὐδὲ
1705 1865 1826 1937 δύο
1874 1863 2103 1950 οῦσίας
2153 1871 2224 1953 ἐξ
2280 1874 2611 1956 ἰσοτιμίας
2654 1862 3051 1954 ἀντιπαρεξ-

434 1973 766 2057 αγομένας
815 1963 1142 2057 ἀλλήλαις
1193 1964 1468 2056 εἰσάγει,
1531 1964 1636 2037 διὸ
1695 1963 1850 2039 οὐδὲ
1908 1965 2030 2040 δύο
2090 1966 2325 2052 θεούς,
2388 1963 2559 2038 ἀλλὰ
2619 1971 2779 2054 μίαν
2839 1961 3052 2054 ἀρχὴν

329 2081 396 2134 15
431 2074 545 2138 καὶ
605 2066 779 2138 θεὸν
837 2074 950 2138 καὶ
1012 2064 1140 2138 τὸν
1199 2062 1413 2137 αὐτὸν
1471 2071 1734 2155 πατέρα
1785 2064 2189 2138 διδάσκουσα
2242 2068 2412 2137 εἶναι
2464 2073 2592 2137 τοῦ
2643 2069 3053 2154 μονογενοῦς

430 2171 542 2235 καὶ
601 2162 960 2254 ἀγαπητοῦ
1018 2170 1196 2249 υἱοῦ,
1259 2163 1588 2248 ὦσαύτως
1649 2171 1720 2237 δὲ
1781 2175 1895 2237 καὶ
1954 2173 2113 2255 μίαν
2178 2162 2409 2236 εἰκόνα
2475 2172 2638 2236 »τοῦ
2698 2171 2867 2236 θεοῦ
2928 2169 3054 2234 τοῦ

433 2260 805 2354 ἀοράτουι,
865 2265 998 2355 τὴν
1050 2263 1268 2356 αὐτὴν
1321 2259 1532 2340 οὖσαν
1574 2270 1677 2354 τῷ
1724 2285 2085 2356 μονογενεῑ
2119 2274 2233 2337 καὶ
2276 2263 2603 2354 ἀγαπητῷ
2648 2267 2775 2354 υἱῷ
2821 2261 3051 2336 αὐτοῦ.

431 2361 562 2436 κᾶν
620 2372 782 2454 λέγῃ
835 2371 906 2436 δὲ
961 2359 1000 2436 6
1053 2361 1440 2448 ἀπόστολος
1491 2373 1858 2454 θεολογῶν
1918 2364 2047 2437 τὸν
2105 2373 2369 2454 πατέρα
2433 2359 2510 2437 »ὅ
2554 2361 2878 2455 μακάριος
2936 2371 3051 2434 καὶ

432 2463 644 2554 μόνος
687 2461 1050 2555 δυνάστης(
1118 2473 1230 2535 καὶ
1289 2462 1500 2538 πάλιν
1550 2461 1624 2536 »6
1669 2462 1882 2555 μόνος
1926 2468 2103 2555 ἔχων
2160 2463 2569 2548 ἀθανασίαν,
2631 2469 2783 2551 φῶς
2838 2469 3050 2535 οἰκῶν
3084 2476 3117 2529 2

327 2574 398 2628 20
433 2560 848 2655 ἀπρόσιτον(
897 2572 1010 2636 καὶ
1053 2557 1252 2648 αὖθις
1305 2573 1441 2656 »τῷ
1474 2571 1546 2636 δὲ
1573 2575 1834 2651 βασιλεῖ
1860 2572 2008 2637 τῶν
2039 2567 2337 2650 αἰώνων,
2384 2559 2725 2654 ἀφθάρτῳ
2771 2556 3046 2651 ἀοράτῳ

431 2662 624 2753 μόνῳ
667 2671 852 2754 θεῷ(
901 2670 1013 2734 καὶ
1055 2661 1267 2734 πάλιν
1331 2660 1554 2754 »μόνῳ
1601 2673 1800 2755 σοφῷ
1856 2672 2002 2755 θεῷ
2048 2664 2158 2736 διὰ
2198 2660 2411 2754 Ἰησοῦ
2458 2667 2758 2752 Χριστοῦ
2803 2657 2843 2750 ἦ
2889 2656 3055 2746 δόξα

431 2769 524 2846 εἰς
567 2763 729 2846 τοῦς
775 2769 1056 2847 αἰῶνας·
1116 2759 1356 2854 ἀμήνι,
1417 2761 1547 2836 κᾶν
1591 2763 1866 2837 τούτων
1918 2767 2019 2836 ἔτι
2073 2771 2359 2837 πλείονα
2402 2769 2681 2853 λέγηται
2724 2767 2819 2845 εἰς
2862 2765 3053 2848 δοξο-

431 2872 672 2954 λογίαν
733 2870 860 2937 τοῦ
918 2862 1072 2947 ενὸς
1131 2872 1244 2935 καὶ
1305 2869 1418 2936 ἐπὶ
1469 2861 1756 2937 πάντων
1807 2873 2006 2950 θεοῦ,
2068 2873 2179 2937 καὶ
2232 2862 2509 2936 τούτων
2540 2859 2909 2986 (ἁπάντων
2927 2859 3053 2951 χρὴ

431 2983 616 3035 νοεῑν
660 2962 890 3036 εἰκόνα
937 2965 1108 3035 εἶναι
1153 2964 1278 3035 τὸν
1320 2970 1658 3054 μονογενῆ
1701 2963 1854 3036 υἱὸν
1911 2972 2037 3036 τοῦ
2087 2970 2280 3048 θεοῦ,
2336 2990 2456 3051 ουχ
2503 2993 2599 3047 ως
2644 2960 2882 3052 ἀψύχῳ
2928 2955 3053 3047 υλη

324 3080 394 3135 25
428 3059 578 3135 ἀλλ’
633 3094 731 3145 ως
783 3066 858 3133 ἐν
907 3067 1034 3153 υἱῷ
1083 3070 1291 3150 ζῶντι
1345 3070 1903 3154 μεμορφωμένην.
1985 3060 2116 3136 κάν
2178 3060 2383 3145 αὐτὸς
2444 3058 2481 3134 6
2542 3062 2775 3152 σωτὴρ
2835 3058 3052 3149 μόνον

428 3158 763 3252 ἀληθινὸν
805 3162 975 3235 θεὸν
1019 3162 1298 3250 διδάσκῃ
1343 3165 1514 3235 εἶναι
1556 3162 1687 3235 τὸν
1729 3170 1991 3252 πατέρα
2045 3170 2269 3254 λέγων
2316 3165 2465 3233 »ἵνα
2513 3162 2938 3251 γινωσκωσιν
2982 3164 3055 3230 σὲ

432 3260 558 3333 τὸν
599 3257 816 3351 μόνον
862 3258 1202 3350 ἀληθινὸν
1253 3260 1494 3347 θεόνι,
1557 3259 1704 3334 ἀλλ>
1769 3259 1897 3334 ούκ
1956 3262 2392 3352 ἀποκνητέον
2451 3270 2563 3333 καὶ
2624 3257 2837 3333 αυτὸν
2881 3258 3055 3331 θεὸν

430 3356 769 3450 ἀληθινὸν
809 3356 1170 3452 ὁμολογεῖν
1215 3358 1312 3445 οὖς
1355 3367 1431 3434 ἐν
1475 3358 1686 3434 εἰκόνι
1745 3370 1857 3433 καὶ
1918 3368 2128 3434 τοῦτο
2181 3367 2624 3451 κεκτημένον,
2679 3363 2791 3430 ἵνα
2841 3355 2884 3448 ἦ
2928 3364 3055 3429 τοῦ

429 3456 648 3548 μόνου
687 3459 1050 3551 προσθήκη
1093 3458 1286 3552 μόνῳ
1317 3470 1421 3552 τῷ
1450 3470 1660 3552 πατρὶ
1690 3458 1786 3546 οὖς
1816 3458 1903 3531 ἂν
1930 3458 2290 3551 ἀρχετύπῳ
2333 3466 2455 3550 τῆς
2482 3456 2747 3543 εἰκόνος
2777 3453 3052 3547 άρμόςῃ.

325 3577 396 3631 30
428 3566 824 3647 σαφέστατα
867 3566 1036 3649 γοῦν
1080 3559 1310 3633 εἰκόνα
1349 3569 1463 3633 καὶ
1509 3558 1908 3650 ἀπαύγασμα
1959 3566 2087 3634 τοῦ
2145 3559 2410 3651 πατρὸς
2477 3562 2589 3630 »ἐν
2615 3565 2906 3681 ζμορφῇ<ι
2974 3584 3049 3627 τε
3086 3569 3121 3623 3

431 3666 558 3731 τοῦ
613 3666 786 3732 θεοῦ
837 3663 1008 3732 εἶναι
1067 3658 1282 3732 αὐτὸν
1343 3657 1381 3732 6
1442 3670 1802 3745 θεσπέσιος
1862 3667 2161 3747 ἐδίδαξεν
2219 3665 2514 3742 Παῦλος,
2578 3689 2675 3741 ως
2733 3656 2841 3728 διὰ
2901 3662 3053 3727 τῶν

431 3762 818 3850 ε’μπροσθεν
863 3757 1350 3834 ἀποδέδεικται.
1423 3757 1652 3849 ω’σπερ
1685 3753 1808 3883 οὖν
1853 3760 2001 3844 ἑνὸς
2044 3756 2445 3846 ῦφεστῶτος
2471 3756 2733 3845 πατρὸς
2760 3758 2925 3827 καὶ
2902 3755 3054 3838 ενὸς

431 3863 586 3931 υἱοῦ
630 3858 892 3947 φύντος
933 3864 1008 3931 ἐκ
1051 3868 1179 3931 τοῦ
1220 3859 1483 3949 πατρὸς
1513 3890 1638 3933 ουκ
1681 3860 1768 3931 ἄν
1812 3891 1917 3943 τις
1962 3853 2035 3932 εὖ
2079 3866 2363 3948 φρονῶν
2395 3862 2573 3929 εἴποι
2603 3856 2725 3927 δύο
2754 3863 3053 3945 πατέρας

427 3956 769 4081 υπάρχειν,
797 3956 954 4031 οῦδὲ
981 3959 1168 4041 υιοὺς
1212 3959 1352 4043 δύο,
1397 3969 1510 4031 καὶ
1542 3957 1770 4049 ὥσπερ
1800 3966 2129 4082 βασιλέῳς
2158 3965 2579 4047 κρατοῦντος
2610 3954 2762 4038 ἑνὸς
2790 3953 3055 4035 εἰκόνος

327 4073 394 4128 35
429 4064 502 4129 δὲ
556 4054 769 4130 αὐτοῦ
815 4066 1172 4147 πανταχοῦ
1222 4065 1346 4149 γῆς
1403 4066 1921 4150 προφερομένης
1981 4087 2107 4130 ουκ
2168 4088 2254 4129 αν
2314 4086 2419 4141 τις
2478 4062 2870 4145 σωφρονῶν
2930 4053 3053 4125 δύο

602 4228 682 4284 ιο
726 4227 1048 4299 vgl.8.93‚
1085 4233 1166 4285 14.
1237 4232 1354 4298 104,
1391 4231 1564 4284 1911?
1617 4260 1684 4270 -
1739 4230 1813 4285 1ss
1849 4227 2145 4293 K01.1‚10
2200 4258 2263 4268 -
2318 4226 2803 4293 181'1‘im.6,15
2854 4254 2920 4264 -
2975 4223 3053 4279 ιο

425 4329 455 4384 1
489 4330 696 4399 ⁷15m.6‚
720 4333 788 4387 16
821 4360 890 4371 -
925 4330 1006 4386 20
1040 4332 1064 4384 1
1099 4331 1304 4397 Tim.1‚
1326 4335 1390 4387 17
1425 4362 1492 4371 -
1530 4332 1603 4387 21
1643 4332 1989 4397 an.16,27
2024 4360 2092 4369 -
2128 4330 2205 4386 26
2239 4329 2517 4395 Joh.17‚3
2552 4356 2619 4366 -
2656 4328 2734 4383 ao
2769 4326 3057 4395 Kol.1,15

426 4460 494 4471 -
535 4430 700 4487 Hebr.
739 4435 785 4499 1,
828 4433 862 4487 3
895 4461 962 4473 -
997 4432 1142 4488 Phil.
1177 4434 1227 4501 2,
1263 4434 1297 4488 6

600 4582 636 4637 5
674 4578 980 4650 ὀμνύνεται
1014 4582 1110 4647 V*‚
1149 4599 1284 4638 corr.
1323 4584 1401 4639 V²
1463 4586 1472 4653 1
1539 4583 1614 4639 15
1648 4585 1773 4638 καὶ2
1807 4581 1881 4637 ΚΙ
1917 4576 2065 4639 εἶναι
2104 4582 2155 4637 V
2204 4584 2212 4651 Ι
2262 4582 2339 4638 22
2378 4575 2459 4636 ἔτι
2481 4578 2559 4633 V²
2601 4573 2689 4635 ὅτι
2726 4578 2807 4633 V*
2846 4580 2855 4646 1
2904 4574 3056 4647 λέγει

423 4702 492 4739 το
531 4684 632 4790 Vt
649 4681 892 4753 (λέγοιτο
931 4682 1044 4752 W),
1081 4700 1217 4741 corr.
1255 4686 1326 4740 Kl
1391 4688 1400 4755 Ι
1466 4686 1542 4741 85
1580 4682 2033 4756 περιφερομένης
2073 4696 2157 4794 καὶ·
3097 4668 3101 4671 ’
