3694 5582
1128 493 1197 548 de
1233 492 1603 547 ecclesiastica
1635 494 1921 564 theologia
1955 496 1978 548 1
2016 497 2095 550 19.
2134 495 2215 550 20.
2894 500 2969 562 81

353 660 524 724 θεοῦ
566 645 652 742 ἦν
697 649 736 724 6
780 650 1002 744 λόγος,
1049 661 1259 725 τοῦτο
1303 662 1427 745 μὲν
1470 653 1596 727 οὐκ
1641 659 1789 744 ἔφη,
1837 653 1934 737 ὥς
1980 653 2065 726 ἂν
2106 653 2194 744 μή
2242 684 2345 738 τις
2390 651 2602 727 αὐτὸν
2646 664 2747 746 τῷ
2789 657 2974 746 παρὰ

355 750 758 840 ἀνθρώποις
801 747 1042 842 όμοιον
1085 755 1254 825 εἶναι
1299 753 1598 844 φήσειεν,
1659 754 1831 827 θεὸν
1876 762 1947 826 δὲ
1992 753 2205 826 αὐτὸν
2248 765 2462 840 καλεῖ,
2509 756 2590 827 τὸ
2636 752 2975 846 ὑπερφυὲς

354 858 480 923 τοῦ
522 859 677 941 περὶ
721 849 934 924 αὐτὸν
977 861 1414 940 θεοπρεποῦς
1455 851 1836 941 ἀξιώματος
1882 848 2069 926 ούτω
2116 854 2394 938 δεικνύς.

518 951 592 1040 γ’.
661 953 954 1041 μεταβὰς
1015 960 1086 1025 δὲ
1147 949 1252 1041 ἐφ’
1309 955 1546 1041 ἑτέραν
1597 958 1909 1028 ἐπίνοιαν
1962 960 2085 1044 τῆς
2126 963 2279 1044 περὶ
2324 952 2536 1026 αυτοῦ
2580 961 2975 1043 δοξολογίας
3042 973 3077 1028 2

285 1065 316 1117 5
354 1059 504 1138 φῶς
549 1048 762 1124 αὐτὸν
809 1050 1189 1142 ω’νόμασεν,
1255 1051 1715 1144 προϋπάρχειν
1777 1051 1990 1127 αὐτὸν
2032 1060 2155 1173 1575
2198 1061 2323 1125 τοῦ
2368 1056 2684 1142 σώματος
2728 1051 2975 1144 ἀναλή-

351 1173 540 1235 ψεως
569 1150 740 1224 κατὰ
772 1158 982 1225 τοῦτο
1013 1150 1182 1224 αὐτὸ
1215 1153 1543 1240 δηλώσας,
1585 1159 1661 1224 ἐν
1689 1154 1792 1236 οἷς
1821 1161 1973 1244 περὶ
2006 1161 2133 1226 τοῦ
2164 1161 2542 1240 βαπτιστοῦ
2572 1180 2779 1244 φησιν
2813 1151 2974 1225 »οῦκ
3047 1168 3081 1220 3

352 1253 438 1339 ἠν
482 1254 734 1334 ἐκεῖνος
778 1249 860 1322 τὸ
905 1260 1086 1337 φῶς,
1141 1247 1292 1324 αλλ’
1337 1256 1448 1324 ἵνα
1491 1250 1882 1343 μαρτυρήσῃ
1926 1262 2079 1342 περὶ
2123 1261 2249 1326 τοῦ
2296 1250 2561 1341 φωτός,
2607 1249 2643 1324 ὃ
2690 1262 2974 1356 φωτίζει

349 1347 579 1421 πάντα
623 1349 1030 1438 ἄνθρωπον,
1087 1351 1450 1441 ἐρχόμενον
1491 1359 1583 1436 εἰς
1628 1351 1756 1424 τὸν
1796 1350 2068 1442 κόσμον.
2154 1358 2229 1424 ἐν
2274 1362 2376 1444 τῷ
2420 1350 2652 1443 κόσμῳ
2698 1357 2811 1442 ἠν,
2866 1363 2976 1425 καὶ

351 1445 390 1520 6
435 1445 683 1539 κόσμος
728 1446 812 1518 δι’
859 1446 1072 1522 αὐτοῦ
1114 1457 1412 1541 ἐγένετο,
1473 1460 1584 1522 καὶ
1643 1448 1680 1522 6
1731 1449 1986 1543 κόσμος
2041 1451 2252 1525 αὐτὸν
2307 1450 2431 1524 ούκ
2476 1456 2666 1540 ἔγνω.
2752 1459 2844 1534 εἰς
2889 1452 2977 1523 τὰ

252 1561 314 1614 10
350 1553 490 1620 ἰ’δια
541 1541 788 1639 ἦλθεν,
849 1560 962 1622 καὶ
1015 1557 1080 1623 οὶ
1130 1555 1292 1625 ἴδιοι
1335 1548 1550 1624 αὐτὸν
1593 1549 1674 1623 οῦ
1716 1559 2169 1640 παρέλαβονι.
2255 1548 2417 1644 ὁρᾷς
2462 1582 2656 1636 οπως
2698 1551 2977 1635 τούτοις
3044 1569 3080 1622 4

352 1647 435 1720 οῦ
479 1645 694 1739 λόγον
733 1646 968 1738 μόνον,
1015 1648 1112 1735 αἷς
1155 1649 1372 1724 ἐδόκει
1401 1658 1803 1742 Μαρκέλλῳ,
1849 1649 2027 1725 ἀλλὰ
2056 1661 2169 1724 καὶ
2210 1652 2382 1724 θεὸν
2427 1659 2540 1723 καὶ
2585 1659 2733 1739 φῶς
2765 1651 2978 1723 αὐτὸν

353 1744 728 1836 ω’νόμασεν,
782 1747 1244 1838 προϋπαρχειν
1287 1780 1362 1823 τε
1405 1748 1620 1822 αὐτὸν
1661 1757 1959 1838 ἐδίδαξεν
2000 1761 2112 1823 καὶ
2159 1753 2287 1824 τὸν
2330 1749 2589 1841 κόσμον
2632 1748 2717 1823 δι>
2764 1747 2977 1822 αὐτοῦ

349 1855 716 1939 γεγονέναι.
804 1847 1032 1946 ὥσπερ
1078 1849 1204 1938 γὰρ
1249 1850 1358 1922 διὰ
1403 1859 1528 1922 τοῦ
1571 1858 1741 1922 θεοῦ
1785 1850 1996 1942 λόγου
2039 1851 2435 1942 γεγενῆσθαι
2468 1852 2553 1922 τὰ
2596 1848 2827 1924 πάντα
2864 1857 2977 1921 καὶ

359 1958 598 2036 »χωρὶς
641 1946 890 2022 αὐτοῦ(
939 1957 1254 2038 γενέσθαι
1299 1948 1499 2022 οῦδὲν
1541 1950 1949 2041 προειρήκει,
1996 1946 2219 2035 οὕτως
2248 1959 2359 2022 καὶ
2391 1951 2501 2022 διὰ
2544 1957 2673 2022 τοῦ
2716 1947 2976 2037 φωτός·

252 2065 316 2117 15
359 2044 471 2120 ›6‹
519 2049 646 2136 γὰρ
696 2045 1015 2138 »κόσμοςι
1069 2055 1278 2138 φησὶν
1326 2046 1446 2120 »δι’
1495 2047 1706 2121 αὐτοῦ
1737 2055 2065 2140 ἐγένετοι.
2133 2049 2229 2133 ὥς
2261 2051 2434 2122 εἶναι
2464 2053 2538 2120 ἓν
2578 2058 2691 2121 καὶ
2721 2045 2978 2120 ταύτὸν
3048 2066 3081 2120 5

354 2148 438 2219 τὸ
483 2155 636 2233 φῶς
675 2155 788 2219 καὶ
830 2147 960 2220 τὸν
1009 2150 1185 2220 θεὸν
1237 2145 1462 2237 λόγον.
1547 2157 1771 2238 λέγων
1824 2155 1896 2221 δὲ
1949 2146 2031 2220 δι’
2088 2146 2301 2221 αὐτοῦ
2353 2155 2755 2238 γεγενῆσθαι
2805 2154 2977 2220 ποτὲ

352 2254 475 2336 μὲν
519 2247 650 2319 τὸν
690 2243 948 2336 κόσμον
990 2253 1162 2318 ποτὲ
1207 2253 1278 2318 δὲ
1323 2247 1408 2320 τὰ
1451 2247 1683 2322 πάντα
1715 2252 1796 2321 τὸ
1827 2246 2237 2338 ύπηρετικόν
2278 2255 2402 2321 τοῦ
2446 2255 2615 2320 θεοῦ
2656 2256 2979 2336 παρίστη-

355 2369 477 2417 σιν.
565 2343 936 2436 δυνάμενος
985 2353 996 2433 Ι
1039 2352 1206 2436 γοῦν
1259 2342 1298 2418 6
1344 2346 1810 2438 εύαγγελιστὴς
1856 2354 2091 2421 εἰπεῖν·
2162 2345 2391 2421 πάντα
2432 2345 2545 2419 ὑπ’
2590 2345 2805 2419 αὐτοῦ
2846 2352 2979 2434 ἐγέ-
3018 2365 3099 2420 84

357 2474 546 2531 νετο,
599 2453 712 2517 καὶ
772 2438 996 2530 αὖθις·
1074 2453 1186 2516 καὶ
1247 2442 1286 2518 6
1329 2444 1580 2538 κόσμος
1621 2444 1735 2520 ὕπ’
1783 2445 1999 2522 αὐτοῦ
2058 2453 2355 2538 ἐγένετο,
2414 2445 2534 2536 οὐχ
2593 2443 2705 2517 ὑπ’
2770 2443 2981 2517 αὐτοῦ

251 2559 319 2614 20
359 2548 488 2634 ἔφη
531 2542 707 2618 ἀλλὰ
757 2539 878 2616 »δι’
931 2542 1178 2619 αὐτοῦ(
1240 2539 1396 2636 [ἦν],
1464 2542 1550 2616 ἵν’
1593 2543 1766 2668 ⁷5qu
1821 2545 2187 2639 ἀναπέμψῃ
2241 2553 2351 2620 ἐπὶ
2404 2547 2534 2636 τὴν
2586 2553 2736 2617 τῶν
2789 2540 2983 2617 ὅλων

355 2644 723 2734 ποιητικὴν
764 2651 893 2718 τοῦ
933 2643 1197 2734 πατρὸς
1227 2642 1615 2718 αὖθεντίαν.
1676 2644 1855 2722 ἀλλὰ
1882 2656 1993 2719 καὶ
2028 2643 2106 2719 »6
2150 2645 2436 2737 κόσμος(
2486 2655 2695 2736 φησὶν
2731 2641 2981 2716 »αὐτὸν
3049 2657 3083 2712 6

356 2741 482 2816 οῦκ
543 2748 782 2835 ἔγνως.
867 2742 994 2817 τὸν
1055 2749 1124 2816 δε
1187 2750 1297 2818 ἐπὶ
1356 2743 1645 2818 πάντων
1704 2746 1877 2820 θεὸν
1940 2766 2253 2836 φυσικαῖς
2324 2751 2619 2830 ἐννοίαις
2680 2739 2979 2847 ἅπαντες

358 2839 808 2934 ὁμολογοῦσιν
853 2845 1238 2935 ἄνθρωποι,
1282 2853 1395 2917 καὶ
1440 2854 1708 2935 πρῶτοί
1753 2876 1824 2937 γε
1854 2844 2196 2920 Ἰουδαίων
2238 2852 2471 2931 παῖδες
2515 2852 2590 2919 ἐκ
2634 2853 2781 2917 τῶν
2810 2874 2977 2933 προ-

359 2951 676 3033 φητικῶν
721 2952 1008 3033 γραφῶν
1049 2945 1676 3073 χειραγωγούμενοι,
1723 2978 1820 3031 ως
1858 2956 1968 3020 καὶ
2010 2946 2216 3029 αὐτὸς
2244 2955 2538 3035 παρίστη
2574 2941 2975 3032 Μάρκελλος

251 3058 320 3113 25
355 3048 431 3115 ἐν
477 3062 623 3125 τοῖς
667 3044 816 3133 ἑξῆς
860 3046 1143 3133 προϊών.
1229 3041 1482 3117 οῦκοῦν
1527 3047 1756 3135 ἕτερος
1797 3040 1889 3135 ἦν
1929 3038 2163 3131 οὗτος,
2218 3040 2305 3118 όν
2354 3044 2427 3117 »6
2470 3042 2755 3134 κόσμος(
2811 3040 2971 3115 »οὐκ
3041 3062 3074 3115 7

357 3144 597 3232 ἔγνως,
643 3143 808 3225 θεὸς
847 3152 962 3215 καὶ
1003 3142 1224 3233 λόγος,
1281 3152 1431 3231 φῶς
1471 3142 1800 3234 υπᾶρχων
1843 3175 1921 3219 τε
1964 3153 2077 3219 καὶ
2124 3145 2619 3236 ωνομασμένος.
2707 3152 2857 3231 φῶς
2902 3150 2974 3214 δὲ

361 3240 484 3313 οῦκ
529 3242 904 3366 αἰσθητὸνς
910 3240 1066 3314 οῦδὲ
1107 3251 1380 3331 σαρκῶν
1421 3239 1825 3334 ὀφθαλμοὺς
1871 3242 2126 3336 ὁμοίως
2167 3242 2339 3336 ἡλίῳ
2386 3252 2711 3332 φωτίζον.
2787 3238 2973 3315 ούτω

361 3342 484 3431 γὰρ
547 3340 632 3413 ἀν
691 3351 802 3414 καὶ
864 3338 906 3431 ἦ
966 3372 1116 3443 των
1173 3340 1446 3431 α’λόγων
1505 3344 1706 3433 ζῴων
1767 3344 1965 3432 φύσις
2024 3364 2324 3434 μετεῖχεν
2385 3340 2613 3415 αῦτοῦ.
2700 3350 2847 3413 νυνὶ
2905 3348 2975 3413 δὲ

361 3439 656 3514 διδάσκει
716 3437 965 3514 ὁποῖον
1022 3434 1112 3531 ἦν
1173 3450 1348 3529 φῶς,
1411 3449 1634 3532 λέγων
1701 3448 1824 3533 »ἦν
1887 3444 1968 3516 τὸ
2032 3450 2185 3532 φῶς
2246 3441 2328 3515 τὸ
2385 3451 2694 3531 φωτίζον
2748 3440 2975 3513 πάντα

253 3553 328 3610 30
361 3540 746 3629 ανθρωπον
787 3538 1153 3630 ἐρχόμενον
1200 3549 1292 3625 εἰς
1336 3542 1464 3615 τὸν
1507 3542 1818 3633 κόσμονι.
1890 3543 2110 3633 μόνον
2148 3542 2277 3631 ἄρα
2320 3544 2406 3630 ὴν
2448 3537 2851 3630 ανθρώπων
2892 3540 2975 3613 τὸ

359 3638 639 3729 λογικὸν
683 3647 895 3712 τοῦτο
941 3647 1107 3728 φῶς.
1193 3640 1298 3713 διὸ
1344 3640 1622 3731 δυνάμει
1667 3649 1870 3736 νοερᾷ
1911 3650 2022 3714 καὶ
2066 3650 2301 3733 λογικῇ
2331 3642 2455 3726 τὰς
2489 3640 2672 3711 »κατ’
2705 3640 2970 3713 εἰκόνα(
3044 3666 3082 3721 8

361 3739 490 3830 τὴν
535 3736 749 3811 αυτοῦ
796 3748 942 3811 »καὶ
1004 3736 1366 3829 ὁμοίωσιν(
1433 3749 1890 3832 πεποιημένας
1952 3744 2172 3836 ψυχας
2234 3742 2471 3829 νοεράς
2531 3748 2643 3812 καὶ
2703 3740 2977 3829 λογικὰς

361 3846 470 3913 56¹
501 3836 962 3929 ἀπειργάζετο.
1051 3870 1146 3922 ως
1191 3846 1260 3911 δὲ
1305 3838 1429 3912 οὐκ
1473 3842 1809 3932 αἰσθητὸν
1870 3842 2233 3933 ἐτύγχανεν
2296 3849 2473 3931 φῶς,
2538 3869 2761 3923 ουτως
2821 3837 2977 3911 οῦδὲ

362 3940 444 4011 τὸ
491 3943 801 4010 ἐπέκεινα
844 3946 994 4010 τῶν
1041 3932 1245 4025 ὅλων,
1292 3936 1498 4024 αὐτὸς
1543 3938 1580 4012 6
1624 3938 1808 4027 θεός,
1856 3946 1956 4031 ἠν.
2035 3937 2143 4013 »6«
2196 3942 2321 4031 γὰρ
2358 3940 2555 4023 »θεὸς
2601 3946 2752 4027 φῶς
2793 3945 2979 4011 ἐστιν

533 4159 573 4215 6
608 4159 732 4214 Joh.
770 4162 816 4223 1,
851 4162 1018 4215 8-11
1065 4190 1132 4200 -
1187 4162 1298 4217 131
1326 4162 1448 4217 Joh.
1488 4165 1533 4226 1,
1570 4165 1604 4219 3
1653 4192 1721 4202 -
1778 4163 1853 4218 15
1891 4164 2013 4218 Joh.
2052 4167 2097 4229 1,
2136 4164 2203 4217 10
2238 4191 2304 4201 —
2342 4162 2415 4216 21
2456 4160 2665 4227 Joh.-1,
2704 4164 2765 4215 11
2803 4190 2869 4198 —
2906 4160 2981 4215 25

365 4260 488 4316 Joh.
525 4264 573 4327 1,
609 4264 672 4315 11
711 4290 777 4299 --
816 4260 894 4317 29
929 4262 1054 4317 Joh.
1093 4266 1138 4329 1,
1174 4266 1207 4319 9
1241 4293 1308 4301 -
1345 4263 1468 4318 811
1499 4264 1633 4318 Gen.
1671 4266 1718 4329 1,
1755 4266 1822 4321 26
1858 4296 1925 4305 -
1964 4266 2041 4321 34
2078 4266 2101 4317 Ι
2138 4264 2261 4318 Joh.
2300 4267 2346 4330 1,
2384 4266 2415 4317 5

539 4462 570 4517 1
629 4470 711 4535 τῷ
745 4480 801 4515 m
835 4463 901 4519 τὸ
940 4463 989 4517 V
1053 4466 1062 4533 Ι
1131 4464 1161 4520 7
1202 4462 1410 4534 φωτός]
1447 4472 1512 4529 -Ι-
1549 4460 1617 4533 ἦν
1652 4464 1719 4521 τὸ
1757 4470 1880 4535 φῶς
1914 4464 1982 4521 τὸ
2020 4460 2295 4534 ἀληθινὸν
2330 4462 2465 4531 NT}
2508 4462 2580 4518 17
2622 4457 2980 4533 ὑπηρετικὸν]

365 4560 652 4637 ὑπηρέτην
685 4558 833 4619 εἶναι
851 4562 972 4629 We,
1011 4563 1151 4619 doch
1189 4566 1562 4635 vg1.S.116‚2
1625 4567 1634 4635 Ι
1699 4564 1781 4621 20
1825 4561 1913 4634 ἦν]
1951 4569 2045 4621 etr.
2082 4566 2171 4633 Kl,
2210 4580 2380 4635 φησιν
2415 4562 2603 4629 Loofs;
2642 4561 2747 4617 We
2782 4562 2983 4615 nimmia

365 4665 488 4721 eine
522 4665 708 4719 Lflc-ke
733 4682 804 4719 an
835 4666 842 4732 Ι
889 4665 963 4720 27
999 4667 1246 4736 σαρκῶν]
1289 4667 1561 4739 σαρκικόν
1601 4664 1788 4736 (οὐδὲ)
1823 4666 1919 4721 m?
1959 4666 2305 4737 σαρκικούςῖ
2348 4664 2455 4719 We
2501 4667 2510 4734 Ι
2557 4664 2636 4719 80
2670 4663 2864 4731 μόνων
2900 4681 2983 4715 mr

474 4750 714 4795 Eusebius
739 4750 822 4795 IV.
2528 4750 2561 4804 6
