3694 5582
659 505 777 568 148
1858 499 2125 556 Eusebius

662 662 785 753 ούχ
829 663 870 754 ἦ
913 665 1080 753 σὰρξ
1125 661 1209 754 ἣν
1254 660 1620 752 ἀνείληφεν
1663 657 1700 733 ὁ
1747 661 1979 753 σωτὴρ
2024 659 2221 753 ἡμῶν
2263 661 2400 750 πρὸ
2446 668 2574 732 τοῦ
2602 666 2985 743 ἐνεστῶτος
3026 665 3280 740 αἰῶνος

659 763 985 854 ύπῆρχεν,
1047 758 1198 837 ἀλλ’
1245 760 1450 846 αὐτὸς
1503 757 1543 834 ὅ
1596 768 1814 834 ταῦτα
1872 763 1979 835 διὰ
2022 770 2447 852 Σολομῶνος
2500 757 2860 832 διδάσκων.
2931 755 3095 854 ὁρᾷς
3157 755 3279 848 ὅσῃ

659 871 1184 953 περιπέπτωκεν
1235 871 1572 956 δυσχωρίᾳ
1639 859 1678 935 ὁ
1741 869 1863 953 τῆς
1914 860 2186 947 εὐθείας
2235 869 2347 932 καὶ
2407 867 2751 950 βασιλικῆς
2810 867 3278 952 παρατραπεὶς

661 961 842 1036 ὁδοῦ.
928 959 966 1036 0‘
1013 969 1084 1034 δὲ
1127 964 1301 1053 πρὸς
1346 981 1492 1046 ταῖς
1538 967 1911 1053 εἰρημέναις
1964 967 2064 1034 ἔτι
2114 971 2228 1034 καὶ
2282 967 2501 1034 ταῦτα
2551 969 3008 1050 προστίθησιν
3058 967 3281 1050 λέγων
3316 975 3383 1026 14

591 1075 624 1127 5
783 1069 919 1150 (Nr.
969 1071 1069 1149 19)
1138 1062 1309 1152 »πρὸ
1371 1069 1498 1134 τοῦ
1558 1063 1680 1146 τὰς
1741 1060 2072 1149 ἀβύσσους
2132 1069 2444 1152 ποιῆσαι(
2512 1067 2749 1150 φησίν·
2810 1065 3114 1132 ἐνταῦθα
3158 1058 3278 1142 τὰς

786 1160 1113 1249 ἀβύσσους
1157 1170 1638 1252 παροιμιωδῶς
1683 1157 1722 1234 δ
1764 1160 2130 1252 προφήτης
2174 1161 2299 1244 τὰς
2340 1168 2489 1232 τῶν
2531 1156 2747 1249 ἁγίων
2788 1165 3067 1249 καρδίας
3110 1161 3279 1230 εἶναι

785 1271 962 1354 λέγει
1043 1263 1169 1345 τὰς
1245 1268 1320 1334 ἐν
1389 1269 1492 1352 τῷ
1567 1265 1834 1334 ἑαυτῶν
1892 1260 2092 1346 βάθει
2163 1259 2293 1350 τὴν
2352 1267 2481 1333 τοῦ
2551 1258 2934 1349 πνεύματος
3004 1257 3280 1349 ἐχούσας

783 1361 1066 1454 δωρεάν.

658 1471 771 1534 καὶ
817 1459 896 1535 οὗ
938 1471 1244 1551 συνίησιν
1289 1458 1386 1545 ὥς
1426 1461 1562 1548 πρὸ
1607 1467 1730 1551 τῆς
1773 1458 2106 1549 ἐνσάρκου
2146 1467 2273 1532 τοῦ
2316 1466 2627 1550 σωτῆρος
2670 1455 2867 1549 ἡμῶν
2909 1466 3279 1548 παρουσίας
3350 1489 3363 1500 ·

557 1577 624 1631 10
662 1566 726 1634 οὶ
770 1557 948 1652 ἅγιοι
993 1568 1121 1633 τοῦ
1165 1569 1334 1632 θεοῦ
1377 1567 1732 1651 προφῆται
1775 1567 1903 1632 τοῦ
1948 1559 2162 1633 αύτοῦ
2203 1567 2527 1650 μετέσχον
2570 1557 2975 1649 πνεύματος,
3022 1565 3277 1646 Μωσῆς

659 1692 735 1734 τε
780 1669 889 1732 καὶ
934 1665 1001 1733 οἱ
1046 1664 1145 1730 ἔτι
1178 1666 1484 1744 Μωσέως
1525 1657 1985 1748 παλαιότεροι.
2071 1656 2323 1732 ούκοῦν
2365 1656 2623 1750 ἀνάγκη
2669 1658 2945 1731 τούτων
2988 1654 3277 1730 ἀπασῶν

661 1771 810 1834 τῶν
853 1759 1181 1846 ἀβύσσων,
1231 1768 1288 1832 εί
1333 1761 1412 1850 δὴ
1459 1765 1526 1832 αἱ
1572 1769 1720 1832 τῶν
1763 1756 1980 1851 άγίων
2020 1765 2289 1847 καρδίαι
2332 1753 2506 1849 ἦσαν
2548 1751 2769 1842 αὗται,
2792 1755 3271 1880 παλαιότερον

661 1863 829 1933 εἶναι
873 1858 1002 1932 τὸν
1048 1868 1336 1950 λέγοντα
1386 1859 1556 1948 »πρὸ
1602 1867 1728 1932 τοῦ
1771 1860 1893 1944 τὰς
1935 1857 2261 1945 ἀβύσσους
2302 1866 2634 1949 ποιῆσαιι.
2714 1887 2867 1942 πως
2910 1851 3034 1930 οὖν
3076 1863 3271 1929 δυνα-
3310 1865 3374 1918 15

661 1959 788 2032 τὸν
832 1953 917 2050 ἦν
961 1965 1068 2032 ἐπὶ
1115 1959 1246 2050 τὴν
1289 1959 1501 2048 σάρκα
1545 1966 1670 2031 τοῦ
1713 1965 2024 2049 σωτῆρος
2068 1957 2524 2047 αναφέρεσθαι
2578 1964 2825 2043 ταῦτα,·
2875 1967 2987 2029 καὶ
3038 1957 3171 2047 μὴν
3217 1963 3275 2029 ει

557 2079 623 2132 15
659 2090 764 2143 τις
825 2056 1016 2150 αύτῷ
1073 2066 1298 2148 παρῆν
1357 2067 1505 2131 τῶν
1564 2068 1780 2131 θείων
1851 2067 2137 2148 γραφῶν
2196 2055 2555 2149 ἐπιστήμη,
2631 2055 2753 2130 ούκ
2826 2087 2913 2131 αν
2988 2055 3274 2146 εύχερῶς

661 2153 886 2243 ου’τως
947 2133 1360 2247 ἀπεφαίνετο
1406 2159 1530 2242 τὰς
1576 2188 1724 2230 των
1767 2155 1985 2248 αγίων
2026 2166 2303 2248 καρδίας
2346 2158 2517 2230 εἶναι
2561 2157 2683 2240 τὰς
2728 2154 3073 2243 ἀβύσσους,
3134 2163 3272 2230 ἐπι-

659 2257 908 2349 στήσας
961 2255 1057 2340 αἶς
1114 2255 1429 2342 »σκότοςε
1497 2252 1582 2349 ἦν
1645 2257 1917 2330 »ἐπάνω
1979 2265 2102 2348 τῆς
2162 2255 2485 2344 ἀβύσσου(
2551 2257 2730 2329 κατὰ
2792 2257 2923 2347 τὴν
2972 2264 3274 2338 Μωσέως

656 2367 1033 2449 μαρτυρίαν
1075 2367 1187 2430 καὶ
1231 2355 1327 2442 ὥς
1368 2358 1582 2442 πολὺς
1623 2366 1737 2429 καὶ
1779 2357 2307 2448 δυσερμήνευτος
2350 2353 2389 2430 ὅ
2434 2365 2589 2448 περὶ
2633 2353 2869 2428 αύτῶν
2896 2362 2974 2428 ἐν
3002 2364 3087 2447 τῇ
3118 2365 3271 2448 θείᾳ

659 2465 886 2547 γραφῇ
930 2465 1208 2546 φέρεται
1251 2455 1472 2547 λόγος.
1557 2453 1596 2529 δ
1636 2465 1760 2548 μὲν
1813 2459 1939 2546 γὰρ
1984 2455 2370 2540 ἀπόστολος
2429 2457 2553 2546 »μὴ
2596 2462 2823 2544 εἴπῃς(
2876 2465 3085 2546 φησὶν
3134 2465 3272 2539 »τίς

557 2579 625 2634 20
659 2554 1067 2648 ἀναβήσεται
1111 2564 1203 2641 εἰς
1248 2557 1374 2629 τὸν
1429 2554 1751 2644 ούρανόν;
1811 2563 2174 2629 τουτέστιν
2219 2556 2523 2644 Χριστὸν
2581 2575 3008 2646 καταγαγεῖν·
3080 2553 3125 2645 ἢ
3170 2566 3273 2640 τίς
3308 2568 3378 2623 16

659 2654 1110 2746 καταβήσεται
1153 2660 1247 2738 εἰς
1291 2657 1420 2746 τὴν
1463 2657 1784 2742 ἄβυσσον,·
1845 2663 2203 2728 τουτέστιν
2248 2655 2551 2745 Χριστὸν
2596 2663 2671 2728 ἐκ
2720 2665 2984 2744 νεκρῶν
3028 2653 3273 2746 ἀναγα-

659 2775 856 2845 γεῑνι.
929 2759 1146 2829 ἔοικεν
1174 2762 1339 2847 γοῦν
1370 2761 1446 2828 ἐν
1483 2756 1762 2841 τούτοις
1806 2756 1893 2829 τὰ
1936 2762 2064 2829 τοῦ
2106 2750 2273 2849 ᾅδου
2300 2763 2515 2845 χωρία
2543 2761 2938 2845 κεκληκέναι
2968 2755 3274 2841 ἄβυσσον.

658 2865 771 2926 καὶ
815 2851 1018 2939 αὐτὸς
1061 2862 1135 2927 δὲ
1178 2851 1216 2926 ὁ
1259 2856 1488 2945 κύριος
1531 2862 1952 2945 σαφέστερον
2012 2862 2224 2928 τοῦτο
2276 2865 2600 2945 παρίστη,
2662 2861 2737 2927 ἐν
2780 2864 2883 2947 τῷ
2930 2856 3105 2945 πρὸς
3148 2857 3275 2928 τὸν

657 2952 804 3040 Ἰὠβ
838 2962 1276 3046 χρηματισμῷ
1324 2962 1542 3046 λέγων
1593 2950 1840 3046 »ἦλθες
1884 2963 1957 3027 δὲ
1998 2960 2108 3027 ἐπὶ
2153 2958 2379 3045 πηγὴν
2408 2953 2772 3046 θαλάσσης,
2817 2960 2892 3027 ἐν
2923 2962 2993 3026 δὲ
3024 2961 3272 3045 ἴχνεσιν

556 3074 623 3129 25
659 3052 949 3140 ἀβύσσου
990 3054 1520 3147 περιεπάτησας,·
1571 3052 1969 3146 ἀνοίγονται
2013 3061 2089 3127 δέ
2128 3081 2236 3128 σοι
2282 3052 2476 3146 φόβῳ
2520 3054 2727 3129 πύλαι
2770 3052 3105 3141 θυνάτου,
3150 3086 3271 3127 πυ-

659 3162 873 3244 λωροὶ
919 3160 989 3228 δὲ
1033 3149 1203 3246 ᾅδου
1245 3153 1506 3239 ἰδόντες
1551 3182 1622 3228 σε
1665 3157 2037 3244 ἔπτηξαν«;
2077 3163 2189 3228 καὶ
2234 3155 2356 3239 τὰς
2400 3162 2474 3227 ἐν
2516 3164 2603 3245 τῇ
2648 3150 2914 3245 ἀβύσσῳ
2962 3160 3033 3227 δὲ
3076 3154 3269 3228 δυνά·
3307 3168 3375 3219 17

655 3284 797 3342 μεις
838 3255 1166 3347 πονηράς,
1211 3264 1365 3345 περὶ
1399 3248 1501 3328 ὦν
1545 3260 1801 3345 εἴρηται
1845 3261 2131 3327 »αἰνεῑτε
2176 3252 2389 3327 αύτὸν
2434 3260 2509 3327 ἐκ
2553 3261 2677 3345 τῆς
2720 3262 2857 3345 γῆς,
2905 3253 3273 3343 δράκοντες

655 3363 768 3427 καὶ
811 3362 1020 3427 πᾶσαι
1063 3359 1129 3426 αἱ
1175 3355 1516 3442 ἄβυσσοιι,
1581 3360 1691 3427 καὶ
1739 3358 1838 3426 ἔτι
1883 3355 1966 3427 τὸ
2012 3353 2243 3427 ἐπάνω
2310 3360 2433 3444 τῆς
2478 3352 2769 3441 ἀβύσσου
2809 3354 3072 3439 σκότος,
3118 3363 3271 3442 περὶ

659 3446 740 3525 οὗ
803 3462 1056 3545 Μωσῆς
1127 3459 1255 3543 ἔφη
1334 3462 1478 3527 »καὶ
1539 3452 1782 3537 σκότος
1843 3452 2079 3527 ἐπάνω
2152 3460 2273 3543 τῆς
2334 3450 2692 3539 ἀβύσσουι,
2767 3461 2985 3526 ταῦτα
3044 3452 3272 3527 πάντα

517 3550 622 3623 '30
656 3554 930 3642 μαθών,
993 3558 1179 3642 εἴπερ
1223 3547 1309 3643 ἦν
1352 3552 1698 3637 ἐπιπόνως
1743 3550 1919 3626 ἀλλὰ
1963 3553 2053 3643 μὴ
2098 3552 2425 3642 ἐξιτήλως
2469 3573 2614 3637 ταῖς
2656 3562 2875 3637 θείαις
2918 3558 3271 3642 ἐντετυχη-

655 3654 796 3735 κώς
848 3672 1160 3742 γραφαῖς,
1227 3666 1236 3735 Ι
1297 3660 1410 3727 79*
1465 3652 1588 3726 ούκ
1649 3653 1734 3727 ἂν
1795 3655 1917 3736 τὰς
1972 3662 2117 3725 τῶν
2169 3650 2385 3743 ἀγίων
2436 3660 2713 3741 καρδίας
2764 3652 3018 3743 ἐτόλμα
3060 3658 3273 3726 εἰπεῖν
3313 3660 3441 3716 159

656 3752 780 3834 τὰς
822 3749 1174 3840 ἀβύσσους,
1239 3758 1412 3842 ἔγνω
1468 3751 1533 3824 δ’
1596 3752 1682 3825 ἂν
1743 3748 1937 3837 ὅπως
1996 3759 2257 3843 εἴρηται
2315 3759 2424 3824 καὶ
2469 3751 2551 3824 τὸ
2618 3754 2935 3838 »ἄβυσσος
2980 3754 3271 3839 ἄβυσσον
3309 3760 3379 3816 18

657 3854 1068 3923 ἐπικαλεῖται
1113 3856 1203 3935 εἰς
1266 3852 1508 3943 φωνὴν
1567 3860 1716 3925 τῶν
1773 3860 2273 3945 καταρρακτῶν
2336 3876 2493 3923 σου«
2560 3862 2673 3924 καὶ
2734 3847 2931 3935 αὖθις
3001 3851 3269 3942 »ἐταρά-

653 3960 923 4039 χθησαν
954 3950 1244 4037 ἄβυσσοι,
1289 3960 1560 4043 πλῆθος
1589 3950 1796 4043 ἤχους
1824 3950 2105 4034 ὕδατος(
2141 3958 2255 4022 καὶ
2282 3948 2491 4023 πάλιν
2526 3951 2847 4038 »ἄβυσσος
2878 3950 2973 4037 οὖς
3002 3952 3272 4043 ἱμάτιον

826 4173 863 4229 ὅ
900 4173 1060 4230 Ρτον.
1094 4175 1141 4239 8,
1180 4176 1247 4229 24
1281 4204 1348 4215 —
1387 4174 1462 4229 12
1500 4174 1610 4246 vgl.
1648 4172 1741 4228 Nr.
1781 4176 1844 4229 19
1880 4202 1948 4214 -
1986 4175 2063 4230 13
2100 4174 2258 4230 PrOV.
2294 4175 2344 4237 8,
2380 4175 2447 4229 24
2481 4204 2547 4213 --
2596 4174 2667 4229 16
2712 4174 2822 4245 vgl.
2860 4174 2951 4227 Nr.
2990 4176 3055 4229 19
3090 4204 3155 4213 -
3195 4174 3266 4229 17

659 4274 791 4329 Gen.
831 4278 876 4342 1,
914 4276 946 4328 2
998 4305 1063 4315 -—
1120 4276 1194 4331 19
1249 4276 1403 4330 Rom.
1438 4276 1518 4339 10,
1554 4278 1602 4331 6.
1640 4278 1670 4329 7
1722 4304 1787 4315 —
1843 4276 1923 4331 24
1976 4276 2120 4331 Hjob
2154 4276 2237 4344 38,
2274 4278 2355 4332 16.
2394 4278 2457 4331 17
2512 4306 2578 4315 -
2632 4276 2705 4333 27
2744 4277 2833 4331 Pe.
2870 4276 2984 4343 148,
3024 4278 3053 4329 7
3090 4306 3155 4314 --
3194 4276 3270 4331 29

659 4376 792 4431 Gen.
830 4381 878 4439 1,
915 4376 947 4429 2
982 4406 1048 4415 -
1085 4376 1162 4431 32
1201 4376 1286 4430 P..
1323 4380 1407 4439 41,
1445 4379 1478 4432 8
1514 4406 1580 4415 -
1616 4376 1694 4434 38
1727 4376 1816 4431 Ps.
1854 4379 1936 4444 76,
1974 4380 2037 4431 17
2078 4408 2139 4416 —
2177 4377 2255 4433 84
2290 4378 2377 4432 ΡΒ.
2415 4380 2530 4441 103,
2568 4378 2599 4433 6

830 4577 900 4633 17
944 4572 1011 4645 ἣν
1047 4546 1146 4629 V2‘
1173 4568 1322 4632 εἶναι
1357 4577 1438 4630 V*
1503 4578 1512 4644 Ι
1577 4578 1650 4634 27
1711 4574 1905 4647 αὐτὸν]
1958 4577 2059 4632 τὸν
2110 4577 2306 4651 κύριον
2343 4578 2488 4632 LXX
2552 4582 2560 4647 Ι
2626 4579 2699 4634 31
2757 4586 2880 4646 ταῖς
2918 4622 2929 4635 .
2967 4623 2977 4634 .
3014 4582 3273 4653 καρδίαις

659 4677 752 4743 V*‚
789 4694 922 4732 corr.
965 4678 1038 4729 V²
