3694 5582
708 526 828 588 146
1882 519 2151 575 Eusebius

713 677 889 773 »ὁδῶ
943 691 1249 772 βασιλικῇ
1298 679 1628 772 πορεύσῃ(
1685 687 1794 756 ’2¹8'
1835 688 1950 754 καὶ
2015 679 2200 753 »ἰδοῦ
2260 688 2539 752 τέθεικα
2597 679 2733 768 πρὸ
2786 679 3163 768 προσώπου
3206 703 3327 752 σου

707 781 839 871 τὴν
881 777 1047 854 ὁδὸν
1089 788 1212 872 τῆς
1257 789 1434 872 ζωῆς
1477 786 1584 852 καὶ
1631 781 1760 870 τὴν
1803 777 1971 854 ὁδὸν
2016 788 2143 853 τοῦ
2185 779 2555 867 θανάτουε,
2598 787 2711 852 καὶ
2755 775 2793 851 ό
2840 786 3047 852 Δαυὶδ
3072 774 3325 869 ὁμοίως
3358 791 3395 844 2

712 880 1064 971 »γινώσκει
1121 880 1352 970 κύριος
1413 876 1580 953 ὁδὸν
1641 887 1953 964 δικαίων,
2015 888 2128 951 καὶ
2188 875 2347 962 ὁδὸς
2401 877 2669 965 άσεβῶν
2727 875 3151 964 άπολεϊταιι,
3213 889 3322 950 καὶ

705 975 1010 1070 Ἱερεμίας
1058 987 1300 1071 »στῆτε
1343 985 1416 1052 ἐν
1461 999 1611 1063 ταῖς
1641 974 1825 1062 όδοῑς
1856 988 1970 1050 καὶ
2000 977 2391 1069 ἐρωτήσατε
2420 988 2692 1070 τρίβους
2719 987 2958 1067 κυρίου
2984 985 3327 1062 αἰωνίους,

639 1094 672 1148 5
705 1088 819 1152 καὶ
861 1085 1036 1153 ἴδετε
1078 1089 1246 1152 ποία
1289 1085 1473 1152 ἐστὶν
1515 1077 1558 1170 ἦ
1603 1073 1761 1162 ὁδὸς
1807 1076 1849 1168 ἡ
1894 1077 2149 1170 ἀγαθή,
2204 1087 2316 1153 καὶ
2366 1078 2744 1170 πορεύεσθε
2786 1083 2862 1151 ἐν
2904 1075 3143 1168 αῦτῇι·
3216 1087 3327 1149 καὶ

708 1183 996 1253 ἕκαστον
1041 1185 1112 1251 δὲ
1155 1187 1304 1253 τῶν
1345 1185 1733 1269 προφητῶν
1775 1175 2127 1268 διαφόρως
2178 1177 2737 1270 μνημονεύσαντα
2777 1187 2928 1251 τῶν
2970 1173 3157 1252 ὁδῶν
3199 1185 3327 1252 τοῦ

705 1287 878 1354 θεοῦ
922 1275 1234 1370 εῦρήσεις.
1321 1286 1377 1351 εἰ
1419 1287 1660 1350 τοίνυν
1703 1274 1743 1350 ὅ
1787 1276 2019 1368 σωτὴρ
2072 1288 2183 1350 καὶ
2226 1279 2457 1368 κύριος
2510 1275 2703 1368 ἡμῶν
2740 1277 2987 1367 Ἰησοῦς
3034 1277 3323 1367 Χριστὸς
3360 1285 3393 1339 3

711 1387 858 1468 [τοῦ
901 1387 1091 1467 θεοῦ]
1139 1376 1351 1470 ἀρχὴν
1395 1381 1564 1450 εἶναι
1608 1387 1756 1451 τῶν
1799 1374 1991 1450 ὁδῶν
2050 1385 2178 1451 τοῦ
2236 1385 2407 1450 θεοῦ
2466 1378 2713 1451 ἑαυτὸν
2764 1375 3058 1449 διδάσκει
3110 1385 3325 1467 λέγων

715 1481 980 1569 »κύριος
1023 1483 1283 1551 ἔκτισέν
1324 1508 1405 1569 με
1450 1475 1663 1568 ἀρχὴν
1707 1474 1893 1550 ὁδῶν
1938 1475 2152 1551 αὐτοῦ
2196 1482 2286 1562 εἰς
2332 1482 2491 1567 ἔργα
2534 1474 2780 1551 αὐτοῦ(
2842 1475 3149 1566 (πάντως
3189 1507 3326 1551 που

609 1589 674 1643 10
708 1589 820 1654 καὶ
880 1586 1188 1661 Μωσέως
1247 1588 1358 1650 καὶ
1419 1585 1568 1650 τῶν
1624 1585 2015 1667 προφητῶν
2072 1585 2184 1650 καὶ
2236 1584 2383 1650 τῶν
2444 1581 2545 1647 ἔτι
2604 1573 2933 1665 α’νωτέρω
2984 1579 3161 1650 κατὰ
3204 1577 3327 1662 τὰς

709 1676 910 1765 ὁδοὺς
953 1686 1080 1752 τοῦ
1119 1685 1288 1749 θεοῦ
1329 1676 1763 1763 βεβιωκότων
1805 1669 1911 1748 ὢν
1952 1677 2451 1767 πρεσβύτερος),
2514 1672 2663 1749 ἀλλ’
2710 1674 2855 1766 οῦχὶ
2916 1675 2958 1768 ἦ
3017 1676 3181 1766 σὰρξ
3241 1677 3327 1768 ἢν

709 1775 1074 1869 ἀνείληφεν
1119 1781 1398 1849 ἐκείνων
1443 1773 1778 1850 ἁπάντων
1829 1775 2127 1867 ὑπῆρχεν
2176 1784 2699 1866 προγενεστέρα,
2762 1774 2887 1849 οῦκ
2938 1773 3173 1866 ὀρθῶς
3216 1783 3324 1850 ἐπὶ

709 1879 838 1970 τὴν
881 1875 1092 1968 σάρκα
1143 1882 1531 1966 ἐξείληπται
1586 1874 1666 1948 τὸ
1720 1874 1974 1967 λόγιον.
2060 1873 2143 1948 οὐ
2204 1876 2314 1948 διὰ
2374 1875 2505 1965 τὴν
2564 1874 2778 1964 σάρκα
2837 1885 3073 1950 τοίνυν
3133 1875 3323 1948 ταῦτ’
3360 1885 3397 1936 4

710 1983 935 2067 ἔλεγεν
979 1972 1018 2049 ὅ
1065 1974 1316 2065 σωτήρ,
1361 1975 1472 2047 διὰ
1516 1982 1588 2047 δὲ
1616 1974 1700 2047 τὸ
1729 1974 2193 2064 προϋπάρχειν
2222 1972 2437 2047 αὐτὸν
2464 1984 2577 2048 καὶ
2604 1987 3055 2066 καθηγεῖσθαι
3084 1983 3327 2050 πασῶν

609 2084 674 2137 15
710 2085 857 2150 τῶν
901 2073 1087 2148 ὁδῶν
1131 2082 1256 2148 τοῦ
1298 2082 1486 2159 θεοῦ,
1531 2073 1612 2158 ἃς
1653 2073 1911 2158 πάντες
1958 2079 2021 2147 οἱ
2050 2073 2264 2146 πάλαι
2292 2085 2639 2161 θεοφιλεῖς
2670 2075 2907 2165 ἄνδρες
2938 2074 3325 2149 ῶδεῦκασιν.

710 2180 852 2248 ἐπεὶ
897 2181 968 2247 δὲ
1012 2171 1051 2247 ὅ
1097 2185 1282 2258 θεῖος
1326 2170 1714 2259 ἀπόστολος
1756 2183 1983 2261 λέγων
2032 2167 2125 2245 m}
2170 2172 2385 2260 βάθος
2427 2174 2736 2247 πλούτου
2777 2181 2889 2247 καὶ
2932 2184 3175 2262 σοφίας
3213 2183 3325 2245 καὶ
3362 2186 3395 2239 5

708 2276 1024 2367 γνώσεως
1066 2281 1262 2346 θεοῦ·
1307 2271 1402 2358 ῶς
1447 2271 1933 2363 άνεξερεύνητα
1976 2274 2063 2345 τὰ
2094 2281 2383 2363 κρίματα
2413 2270 2645 2358 αὐτοῦ,
2686 2281 2797 2345 καὶ
2835 2271 3327 2365 ἀνεξιχνίαστοι

711 2380 778 2448 αἱ
822 2371 970 2448 ὁδοὶ
1015 2370 1262 2446 αὐτοῦ(
1313 2376 1545 2462 ἑτέρας
1588 2374 1780 2457 τινὰς
1825 2368 2027 2456 ὁδοὺς
2066 2369 2461 2459 ὑποβάλλει,
2514 2373 2635 2455 τὰς
2676 2375 3138 2463 προνοητικάς
3181 2383 3327 2447 τῶν

711 2471 928 2560 ὅλων,
989 2471 1072 2544 δι’
1121 2466 1225 2544 ῶν
1266 2470 1642 2563 ἀπορρήτῳ
1701 2481 1913 2562 κρίσει
1972 2481 2083 2544 καὶ
2146 2469 2374 2563 λόγοις
2433 2468 2772 2562 ἇλήπτοις
2830 2473 2945 2545 τὰ·
2974 2472 3331 2563 σύμπαντα

609 2584 676 2639 20
711 2579 1106 2666 διακυβερνᾷ
1160 2581 1315 2664 θείᾳ
1359 2570 1662 2661 δυνάμει,
1725 2569 2121 2646 ἀκόλουθόν
2182 2577 2367 2644 ἐστιν
2424 2579 2537 2642 καὶ
2600 2570 2874 2646 τούτων
2938 2581 3085 2645 τῶν
3144 2569 3331 2645 ὁδῶν

711 2671 924 2764 ἀρχὴν
996 2674 1166 2743 εἶναι
1227 2679 1444 2759 λέγειν
1505 2670 1630 2743 τὸν
1704 2670 2021 2761 εἰρηκότα
2088 2670 2351 2761 »κύριος
2410 2673 2670 2742 ἔκτισεν
2727 2700 2808 2761 με
2870 2669 3085 2762 ἀρχὴν
3144 2669 3331 2746 ὁδῶν

710 2771 922 2847 αὐτοῦ
985 2776 1078 2856 εἰς
1141 2773 1298 2861 ἔργα
1359 2767 1628 2844 αῦτοῦ«.
1716 2767 1754 2843 ό
1816 2777 1889 2843 δὲ
1948 2771 2037 2863 μὴ
2092 2770 2340 2862 νοήσας
2386 2771 2509 2853 τὰς
2552 2766 2753 2856 ὁδοὺς
2796 2779 2924 2844 τοῦ
2966 2779 3153 2857 θεοῦ,
3201 2771 3333 2862 τὴν

711 2870 924 2995 σάρκα
975 2878 1102 2945 τοῦ
1144 2876 1456 2961 σωτῆρος
1506 2869 1704 2961 ἡμῶν
1769 2882 1779 2956 Ι
1846 2867 2057 2962 αρχὴν
2100 2870 2375 2945 τούτων
2420 2873 2587 2942 εἶναι
2630 2867 3051 2962 α’πεφῆνατο.
3138 2874 3329 2962 ἓρμη-
3364 2880 3443 2948 61
3478 2878 3595 2935 157

713 2972 887 3045 νεύει
932 2976 1003 3043 δὲ
1046 2977 1158 3041 καὶ
1203 2969 1285 3043 τὸ
1336 2974 1466 3055 »εἰς
1510 2974 1670 3061 ἔργα
1713 2969 1961 3044 αὐτοῦ(
2014 2970 2296 3059 φάσκων

609 3082 676 3137 25
837 3078 974 3161 (Nr.
1023 3078 1125 3160 13)
1193 3073 1490 3141 »ἔκτισεν
1550 3074 1674 3142 οὐν
1733 3099 1852 3155 με(
1920 3078 2129 3161 φησὶν
2195 3066 2445 3192 »αρχὴν
2502 3065 2687 3143 οδῶν
2748 3066 2963 3143 αὐτοῦ
3023 3078 3116 3155 εἰς
3174 3074 3331 3160 ἔργα

837 3168 1108 3245 αυτοῦι.
1192 3188 1358 3242 ποτα
1401 3177 1473 3242 δὲ
1517 3174 1676 3260 εργα
1721 3177 1960 3295 φησίν·
2016 3176 2165 3258 περὶ
2234 3160 2335 3240 ῶν
2387 3164 2425 3239 ό
2479 3171 2712 3261 σωτὴρ
2749 3177 2926 3258 λέγει
2983 3166 3061 3243 »ὅ
3102 3170 3333 3262 πατήρ

833 3300 966 3362 μου
1009 3274 1136 3353 ἕως
1181 3268 1336 3357 ἄρτι
1390 3268 1764 3360 ἐργάζεται,
1806 3266 1997 3358 καγῶ
2052 3266 2473 3359 ἐργάζομαιι,
2518 3276 2631 3341 καὶ
2676 3262 2875 3353 αὖθις
2923 3268 3044 3341 »τὸ
3090 3276 3325 3361 εργονι

837 3380 1046 3462 φησὶν
1093 3364 1558 3442 »ἐτελείωσα
1535 3364 1571 3440 ὁ
1617 3368 1913 3452 δέδωκάς
1955 3398 2127 3458 μου.

709 3468 840 3543 εἶθ’
883 3468 1113 3559 ὥσπερ
1157 3476 1512 3557 διασαφῶν
1555 3469 1683 3558 τὴν
1729 3476 1877 3539 τῶν
1922 3474 2289 3558 εἰρημένων
2334 3464 2642 3541 διάνοιαν
2684 3475 2973 3560 ἐπιλέγει
3364 3480 3397 3531 7

609 3576 678 3632 30
837 3576 971 3657 (Nr.
1021 3576 1120 3657 13)
1165 3577 1269 3652 τίς
1312 3570 1438 3659 γὰρ
1481 3567 1618 3659 πρὸ
1664 3574 1786 3658 τῆς
1830 3574 1978 3638 τῶν
2021 3564 2447 3656 πραγμάτων
2488 3565 2897 3657 ἀποδείξεως
2941 3573 3331 3641 ἐπίστευσεν

838 3668 923 3740 ἂν
967 3663 1076 3741 ὅτι
1122 3668 1322 3757 λόγος
1365 3674 1534 3740 θεοῦ
1587 3666 1695 3740 διὰ
1755 3673 2114 3754 παρθένου
2173 3676 2438 3755 τεχθεὶς
2498 3667 2627 3757 τὴν
2688 3665 3017 3760 ἡμετέραν
3076 3664 3330 3759 ἀναλή-

834 3790 1038 3856 ψεται
1080 3766 1295 3859 σάρκα
1339 3774 1450 3839 καὶ
1510 3766 1643 3857 τὴν
1701 3772 1929 3838 πᾶσαν
1988 3764 2295 3855 θεότητα
2354 3771 2430 3838 ἐν
2490 3764 2664 3858 αὐτῇ
2722 3776 3131 3859 σωματικῶς
3192 3773 3333 3841 ἐπι-

835 3875 1148 3954 δείξεται,·

712 3972 823 4038 καὶ
870 3963 1098 4054 ὥσπερ
1141 3970 1379 4057 ἐντελῆ
1425 3965 1556 4057 τὴν
1599 3963 1911 4039 διάνοιαν
1954 3960 2253 4049 ἇποδούς
2296 3964 2529 4055 ἐπάγει

887 4138 916 4193 1
967 4136 1126 4190 Num.
1164 4137 1246 4203 ⁶20,
1284 4140 1346 4191 17
1359 4158 1374 4201 ;
1409 4138 1492 4204 21,
1529 4138 1595 4191 22
1631 4165 1698 4175 —
1732 4134 1895 4191 Deut.
1930 4136 2099 4199 30,15
2135 4135 2265 4204 (Jer.
2285 4138 2367 4201 21,
2384 4136 2439 4205 8)
2475 4166 2542 4176 —
2578 4136 2615 4193 3
2652 4136 2857 4201 Ps.1,6
2892 4166 2959 4177 —
2992 4138 3035 4194 4
3070 4137 3247 4201 Jer.6,
3267 4140 3334 4194 16

713 4267 780 4277 —
817 4236 855 4293 9
892 4237 1052 4292 Prov.
1087 4238 1136 4304 8,
1173 4238 1240 4292 22
1274 4266 1342 4277 --
1379 4238 1454 4293 16
1489 4237 1642 4292 Rom.
1681 4240 1763 4305 11,
1800 4239 1869 4294 33
1903 4266 1968 4277 --
2007 4238 2083 4292 21
2122 4236 2282 4293 Prov.
2317 4239 2366 4300 8,
2402 4238 2471 4292 22
2504 4268 2571 4278 —
2615 4236 2736 4294 241
2765 4237 2924 4294 Prov.
2960 4240 3011 4307 8,
3045 4239 3113 4293 22
3147 4268 3215 4279 —
3252 4239 3333 4295 26

715 4338 838 4393 Joh.
877 4342 924 4407 5,
963 4342 1026 4393 17
1063 4368 1130 4377 --
1165 4338 1238 4395 27
1278 4340 1400 4395 Joh.
1439 4342 1521 4407 17,
1557 4342 1594 4393 4
1627 4368 1694 4378 -
1730 4338 1808 4393 82
1845 4338 1968 4393 Kol.
2006 4338 2055 4405 2,
2092 4340 2126 4393 9

886 4491 920 4547 1
960 4489 1364 4561 πορευσόμεθα
1401 4488 1548 4543 Lxx
1613 4490 1622 4556 Ι
1683 4486 1903 4558 τέθηκα
1940 4488 2049 4551 V*‚
2106 4506 2241 4544 corr.
2276 4489 2355 4541 V2
2416 4490 2427 4557 Ι
2493 4490 2532 4545 4
2581 4488 2701 4559 καὶ]
2738 4498 2803 4554 -Ι-
2848 4484 2991 4547 ἴδετε
3033 4490 3133 4545 καὶ
3184 4488 3335 4544 Lxx

720 4592 726 4658 Ι
789 4589 827 4646 8
879 4596 983 4646 τοῦ
1033 4594 1175 4645 θεοῦ
1217 4594 1311 4645 stt.
1347 4590 1420 4643 Κ]
1485 4590 1494 4657 1
1557 4594 1690 4645 τοῦ2
1740 4592 1832 4644 atr.
1870 4590 1948 4643 V²
1992 4591 2001 4659 Ι
2050 4584 2253 4647 ἑαυτοῦ
2288 4590 2338 4644 V
2386 4593 2393 4659 Ι
2462 4591 2535 4647 11
2584 4584 2668 4647 ὢν
2720 4590 2797 4645 Κ]
2836 4592 2870 4661 ἠ
2906 4586 2978 4647 ἂν
3014 4590 3096 4645 V*
3135 4586 3223 4661 εἴη
3260 4586 3331 4647 ἂν

715 4692 794 4746 V2
855 4692 864 4759 Ι
932 4691 1007 4746 12
1046 4689 1254 4765 ὀρθῶς]
1294 4698 1358 4756 4—
1396 4681 1498 4745 οὖν
1531 4690 1624 4745 fib.
1661 4691 1714 4745 d.
1751 4690 1804 4746 Z.
1842 4690 1921 4744 V²
