3694 5582
25 0 70 132 ...q

1407 1485 1942 1604 Einleitung.

1120 1673 1175 1733 εἰ
1205 1674 1311 1744 μὲν
1347 1667 1447 1732 οὖν
1485 1673 1780 1747 αὐτάρκως
1816 1670 1933 1744 ἔχει
1966 1674 2037 1732 τὰ
2074 1671 2386 1746 γραφέντα,
2422 1675 2673 1746 κρίνειας
2709 1670 2781 1732 ἂν
2818 1673 2987 1740 αὐτὸς

1057 1757 1437 1832 ἐντυγχάνων·
1464 1759 1518 1816 εἰ
1548 1760 1608 1816 δέ
1640 1779 1768 1815 τινα
1803 1760 2005 1826 λείποι,
2040 1761 2141 1814 καὶ
2172 1767 2351 1816 ταῦτα
2391 1755 2462 1814 ἂν
2497 1757 2985 1832 ἀναπληρώσειας,

1061 1847 1268 1916 δηλαδὴ
1292 1845 1535 1916 ἀδελφὸς
1561 1843 1808 1914 ἀδελφοῦ
1830 1843 1902 1900 τὰ
1926 1840 2305 1917 ὑστερήματα,
2341 1839 2403 1900 εἷ’
2415 1861 2528 1901 που
2550 1847 2651 1899 καὶ
2672 1845 2988 1916 θεραπείας

1065 1927 1268 1998 δέοιτο,
1306 1925 1382 1986 δι’
1406 1924 1868 2002 ἐπανορθώσεως
1902 1925 2222 1997 ἐξιώμενος.

1882 2013 2079 2069 Euseb.
2118 2030 2199 2085 ep.
2238 2014 2307 2069 ad
2343 2013 2649 2068 Flaoillum.

767 2191 818 2249 1.
865 2184 1266 2250 Verfasser
1307 2186 1453 2247 und
1496 2182 1658 2248 Zeit
1700 2187 1831 2248 der
1874 2183 2143 2249 beiden
2188 2183 2589 2248 Schriften.

537 2331 888 2400 Zweifellos
933 2336 1164 2398 rt‘ihren
1207 2335 1307 2398 die
1351 2336 1505 2398 zwei
1543 2333 1859 2398 Schriften
1902 2327 2079 2398 κατὰ
2112 2333 2518 2417 Μαρκέλλου
2560 2333 2647 2414 (S.
2683 2341 2733 2414 1,
2751 2335 2815 2416 2)
2855 2337 2988 2398 und

363 2426 880 2517 ἐκκλησιαστικὴ
927 2436 1254 2517 θεολογία
1285 2432 1371 2515 (S.
1403 2438 1500 2512 98,
1538 2433 1665 2500 13f.
1707 2433 1832 2517 vgl.
1866 2439 1963 2513 60,
1998 2434 2126 2501 16f.
2170 2439 2265 2512 62,
2309 2439 2400 2500 10.
2436 2435 2570 2514 18)1
2612 2455 2737 2498 von
2782 2435 2987 2498 einem

364 2537 500 2599 und
543 2532 902 2598 dem-‘selben
945 2531 1344 2596 Verfasser
1399 2535 1529 2597 her.
1615 2531 1814 2598 Nicht
1876 2557 1995 2598 nur
2044 2533 2311 2617 bringen
2370 2533 2555 2597 beide
2613 2555 2661 2597 z.
2706 2531 2773 2597 Τ.
2817 2533 2987 2598 iden-

363 2635 568 2699 tische
610 2633 921 2715 Excerpte
976 2655 1089 2697 aus
1133 2633 1412 2708 Marcell,
1457 2636 1728 2698 sondern
1774 2633 1876 2697 die
1910 2633 2461 2698 Verwandtschast
2506 2631 2812 2698 erstreckt
2853 2633 2985 2699 sich

367 2733 531 2798 auch
575 2733 690 2797 auf
725 2735 844 2797 den
889 2731 1218 2798 Wortlaut
1259 2736 1371 2798 der
1415 2734 1676 2817 eigenen
1721 2732 1952 2797 Satze2.

535 2832 674 2897 Dass
721 2832 870 2896 aber
911 2834 1048 2897 hier
1091 2832 1270 2896 nieht
1311 2838 1473 2897 etwa
1502 2835 1604 2897 ein
1637 2833 1939 2915 jfingerer
1971 2830 2174 2897 Autor
2216 2832 2398 2895 einen
2440 2830 2680 2895 alteren
2709 2833 2984 2913 henaim,

371 2934 682 2997 beweisen
727 2933 864 2996 aufs
909 2931 1287 2997 deutlichste
1331 2933 1432 2998 die
1477 2932 1738 2997 Stellen:

580 3029 638 3095 S.
683 3038 777 3110 60,
823 3036 1054 3100 3—10:
1117 3032 1174 3097 εἰ
1238 3024 1411 3114 πρὸς
1463 3025 1592 3115 τὴν
1645 3022 2017 3113 ἀδόλεσχον
2070 3032 2182 3095 καὶ
2226 3032 2536 3113 πολυεπῆ
2581 3031 2985 3110 Μαρκέλλου

501 3124 767 3214 γραφὴν
829 3126 915 3196 τὰ
976 3122 1132 3214 παρ’
1179 3122 1375 3215 ἡμῶν
1435 3129 1510 3195 ἐν
1561 3130 1873 3212 βραχέσιν
1917 3120 2223 3212 ἤρκεσεν,
2286 3120 2369 3196 οὗ
2417 3124 2541 3214 χρὴ
2595 3122 2984 3213 θαυμάζειν·

498 3220 580 3294 οὗ
622 3223 743 3313 γὰρ
789 3224 870 3315 δὴ
914 3232 1201 3296 πολλῶν
1247 3229 1375 3297 ἔδει
1421 3221 1649 3314 λόγων
1691 3222 1867 3312 πρὸς
1910 3220 2309 3313 ἀνατροπὴν
2352 3230 2500 3295 τῶν
2546 3220 2847 3296 αὐτόθεν
2875 3232 2987 3294 καὶ

495 3342 640 3404 τοῖς
700 3330 1016 3412 τυχοῦσιν
1066 3330 1666 3412 κατεγνωσμένων.
1756 3322 1860 3394 διὸ
1922 3323 2005 3412 δὴ
2058 3328 2133 3395 ἐν
2186 3329 2359 3393 δυσὶ
2412 3342 2585 3405 τοῖς
2628 3323 2989 3411 πρώτοις

495 3419 669 3512 μόνῃ
729 3432 816 3511 τῇ
859 3430 1230 3512 παραθέσει
1292 3432 1439 3495 τῶν
1500 3430 1627 3494 τοῦ
1689 3420 1935 3510 ἀνδρὸς
1988 3421 2314 3512 ρημάτων
2364 3421 2779 3512 χρησάμενος
2840 3430 2988 3511 δίχα

493 3520 712 3612 πάσης
771 3521 1230 3613 ἀντιρρήσεως
1282 3527 1352 3610 ἐξ
1403 3520 1637 3593 αὐτῶν
1700 3522 1824 3592 τὸν
1876 3518 2025 3592 κατ’
2072 3518 2309 3593 αὐτῶν
2362 3524 2636 3610 ελεγχον
2688 3522 2989 3609 φανερὸν

493 3620 884 3744 ἐποιούμην.
970 3630 1148 3694 νυνὶ
1210 3629 1290 3694 δὲ
1352 3622 1527 3708 πρὸς
1588 3624 1805 3709 ἐκείνῃ
1870 3629 1955 3709 τῇ
2010 3621 2211 3713 φῶρα
2263 3628 2374 3690 καὶ
2416 3620 2547 3709 τὴν
2591 3618 2991 3712 ἀνατροπὴν

497 3728 647 3792 τῶν
690 3717 925 3792 αὐτῶν
969 3721 1096 3793 διὰ
1142 3728 1398 3809 τριῶν
1443 3728 1607 3793 τῶν
1648 3720 1841 3811 μετὰ
1883 3740 2154 3808 χεῖρας
2196 3718 2647 3810 προσήγαγον.

579 3824 638 3890 S.
683 3832 782 3905 62,
815 3832 1046 3892 5—21:
1093 3822 1226 3909 ἐγώ
1271 3828 1391 3909 μὲν
1435 3815 1628 3910 ᾤμην
1669 3825 1975 3907 ἐξαρκεῖν
2004 3820 2127 3903 τὰς
2169 3827 2317 3891 τῶν
2345 3817 2559 3892 αὐτοῦ
2591 3827 2992 3908 Μαρκέλλου

499 3926 762 4005 φωνῶν
791 3926 1216 4009 παραθέσεις,
1262 3917 1341 4002 ἃς
1371 3918 1496 3990 διὰ
1541 3927 1699 3991 τῶν
1745 3922 2202 4009 ἔμπροσθεν
2247 3916 2773 4010 ἀνελεξάμην,
2817 3920 2992 4010 πρὸς

499 4016 627 4089 τὸν
669 4015 830 4089 καθ’
879 4020 1144 4092 ἑαυτῶν
1198 4022 1487 4107 ἔλεγχον.
1572 4047 1758 4089 ουτω
1812 4019 1939 4110 γὰρ
1992 4025 2316 4107 προφανῆ
2369 4027 2482 4089 καὶ
2537 4017 2993 4108 ἆδιάτρεπτον

503 4115 634 4205 τὴν
692 4116 977 4209 ἄρνησιν
1032 4126 1156 4190 τοῦ
1212 4122 1363 4191 υἱοῦ
1405 4124 1532 4190 τοῦ
1575 4125 1744 4189 θεοῦ
1802 4138 2168 4208 περιεῖχον,
2232 4115 2327 4203 ῶς
2386 4126 2501 4190 καὶ
2564 4126 2712 4207 δίχα
2772 4117 2992 4209 πάσης

497 4209 956 4305 ἀντιρρήσεως
997 4236 1142 4301 τοῖς
1185 4224 1308 4307 τῆς
1350 4224 1700 4308 ἐκκλησίας
1727 4224 1857 4290 τοῦ
1886 4226 2056 4291 θεοῦ
2087 4226 2443 4307 τροφίμοις
2489 4218 2791 4306 φευκτὸν
2822 4218 2991 4289 εἶναι

498 4312 626 4385 τὸν
699 4320 773 4388 ἐν
849 4314 1081 4400 αὐτοῖς
1149 4314 1376 4407 λόγον.
1488 4322 1658 4389 ἐπεὶ
1739 4324 1818 4391 δὲ
1898 4317 2463 4408 διεσκεψάμην,
2541 4312 2791 4408 μήποτ’
2864 4317 2990 4404 ἄρα

543 4503 596 4569 1)
632 4501 733 4556 Die
768 4504 1234 4574 Bucheinteilung
1268 4504 1365 4558 der
1400 4504 1676 4561 Schriften
1712 4508 1941 4560 stammt
1976 4504 2151 4561 sicher
2184 4522 2295 4560 von
2330 4504 2503 4558 ihrem
2542 4503 2823 4558 Verfasser
2858 4502 2989 4571 (vgl.

352 4588 408 4643 S.
425 4586 570 4651 60,6.
583 4586 652 4653 9),
677 4604 786 4642 von
813 4587 910 4642 der
932 4587 1257 4659 Einteilung
1277 4590 1336 4643 in
1349 4590 1563 4660 Capibel
1589 4590 1700 4643 und
1725 4588 2377 4659 derenlnhaltsangaben
2400 4588 2473 4641 ist
2496 4588 2593 4641 das
2618 4586 2773 4640 nicht
2796 4586 2989 4655 gewiss.

541 4672 595 4735 2)
634 4669 762 4741 Vgl.
800 4673 851 4727 S.
887 4675 970 4739 42,
1002 4676 1082 4727 24.
1119 4673 1186 4727 32
1223 4674 1328 4728 mit
1361 4674 1412 4727 S.
1451 4676 1563 4735 107,
1601 4677 1682 4729 23.
1719 4676 1800 4729 31.

473 4755 719 4800 Eusebius
746 4758 825 4802 IV.
2528 4756 2571 4808 B
