3694 5582
1105 508 1174 562 de
1210 506 1581 563 ecclesiastica
1613 505 1899 578 theologia
1932 507 2010 559 III
2046 509 2095 562 2.
2130 509 2177 563 3.
2836 515 2950 574 145

456 675 594 758 (Nr.
630 679 729 757 11)
775 667 1026 742 οὐκοῦν
1069 668 1352 752 εἰκότως
1394 675 1542 740 τῶν
1585 663 1885 758 α’ρχαίων
1927 665 2535 759 παρεληλυθότων,
2581 674 2841 738 καινῶν
2880 673 2951 738 δὲ

454 771 724 842 ἔσεσθαι
767 768 1172 858 μελλόντων
1224 765 1560 842 ἁπάντων
1620 767 1728 840 διὰ
1781 774 1905 858 τῆς
1959 776 2086 841 τοῦ
2136 774 2445 857 σωτῆρος
2490 762 2685 857 ήμῶν
2726 764 2951 838 καινό-

457 899 684 960 τητος.
731 865 770 941 ό
815 868 1148 960 δεσπότης
1191 866 1385 958 ἡμῶν
1430 864 1468 939 ό
1500 867 1794 956 Χριστὸς
1839 867 1949 939 διὰ
1978 875 2103 940 τοῦ
2130 865 2499 957 προφήτου
2542 863 2700 952 ἐβόα
2730 873 2949 956 λέγων

459 968 722 1059 »κύριος
765 972 1026 1040 ἔκτισεν
1067 997 1145 1057 με
1190 967 1400 1059 ἀρχὴν
1443 963 1628 1040 όδῶν
1673 965 1943 1040 admi«.

284 1080 311 1132 5
341 1076 540 1141 τοῦτο
586 1065 652 1141 δ’
696 1068 916 1141 είπών
959 1073 1070 1140 ἐπὶ
1113 1068 1246 1158 τὴν
1287 1067 1501 1158 σάρκα
1546 1075 1671 1139 τοῦ
1721 1073 2037 1156 σωτῆρος
2096 1063 2293 1156 ἡμῶν
2350 1063 2761 1152 καταβάλλει
2821 1065 2950 1156 τὴν
2986 1087 3051 1140 32

340 1165 657 1252 διάνοιαν,
706 1169 854 1258 ἑξῆς
896 1174 1234 1259 ἐπιλέγων

457 1272 592 1353 (Nr.
645 1275 742 1356 10)
805 1271 1066 1341 ἔκτισεν
1126 1269 1253 1358 γὰρ
1317 1265 1600 1358 ἀληθῶς
1659 1265 1742 1339 τὸ
1803 1266 1893 1357 μὴ
1957 1259 2037 1336 ὂν
2096 1267 2490 1356 πεποιηκώς
2534 1259 2572 1336 ὁ
2618 1263 2952 1355 δεσπότης

455 1364 652 1456 ἡμῶν
693 1362 732 1438 ὁ
779 1365 968 1451 θεός·
1042 1365 1167 1440 ούκ
1210 1361 1420 1439 οὖσαν
1468 1367 1592 1454 γὰρ
1635 1367 1767 1458 τὴν
1809 1364 2050 1454 σάρκα,
2080 1365 2191 1485 ,ἣν
2236 1361 2604 1454 ἀνείληφεν
2649 1361 2687 1436 ό
2731 1363 2951 1455 λόγος,

459 1465 635 1540 ἄλλα
677 1466 768 1557 μὴ
813 1459 1022 1540 οὖσαν
1071 1469 1369 1539 »ἔκτισεν
1410 1463 1624 1556 ἀρχὴν
1668 1463 1855 1538 οδῶν
1899 1463 2167 1537 αὖτοῦα.

253 1579 311 1634 10
340 1574 444 1638 καὶ
491 1563 572 1637 οὗ
613 1575 919 1656 συνίησιν
955 1562 993 1639 ὁ
1039 1587 1343 1657 γενναῖος
1389 1564 1485 1649 οὖς
1527 1574 1662 1688 ma<
1689 1573 1794 1649 τίς
1837 1570 2023 1637 ἐστιν
2084 1567 2405 1653 ἔκφρασις
2464 1574 2577 1637 καὶ
2637 1567 2713 1636 ἓν
2769 1567 2955 1656 πρώ-

342 1691 580 1738 σωπον
622 1663 933 1755 τυγχάνει
976 1666 1060 1737 τὸ
1106 1673 1331 1754 φῆσαν
1397 1668 1566 1756 »ἐγώ
1622 1661 1663 1754 ἦ
1714 1673 1924 1752 σοφία
1976 1663 2465 1753 κατεσκήνωσα
2504 1663 2795 1757 βουλήν(
2845 1673 2954 1736 καὶ

339 1765 417 1837 τὸ
466 1764 730 1854 »κύριος
773 1767 1034 1838 εκτισέν
1075 1789 1220 1856 μεν
1302 1763 1480 1837 ὥστε
1541 1772 1598 1838 εί
1657 1770 1766 1836 ἐπὶ
1828 1766 1960 1854 τὴν
2004 1761 2217 1852 σάρκα
2261 1761 2587 1855 άνάγοιτο
2631 1762 2952 1856 θάτερον,

341 1863 592 1955 ἀνάγκη
637 1871 748 1936 καὶ
793 1865 874 1938 τὸ
921 1868 1183 1957 ἕτερον·
1253 1873 1362 1938 καὶ
1417 1862 1460 1956 ἦ
1511 1871 1718 1953 σοφία
1775 1867 1961 1935 ἔσται
2021 1862 2062 1953 ἧ
2125 1862 2210 1934 τὰ
2255 1859 2609 1952 ἀμφότερα
2653 1872 2952 1953 λέγουσα.

339 1971 394 2037 εἰ
435 1971 507 2036 δὲ
561 1962 602 2054 ἦ
655 1962 820 2054 σάρξ
879 1971 1064 2054 λέγοι
1120 1965 1296 2038 κατὰ
1339 1963 1748 2054 Μάρκελλον
1807 1962 1891 2035 τὸ
1957 1962 2221 2050 »κύριος
2283 1968 2543 2036 ἔκτισέν
2599 1993 2679 2053 με
2742 1961 2954 2054 ἀρχὴν
2987 1981 3054 2034 33

248 2075 308 2130 15
339 2061 523 2137 ὁδῶν
576 2062 858 2149 αῦτοῦι,
921 2060 1091 2156 αὕτη
1158 2063 1244 2138 ἂν
1295 2070 1396 2156 εἴη
1447 2061 1488 2154 ἦ
1535 2071 1768 2151 σοφία·
1838 2069 1949 2134 καὶ
1996 2065 2179 2134 ἔσται
2225 2058 2266 2150 ἦ
2310 2062 2475 2152 σὰρξ
2518 2060 2559 2152 ἦ
2604 2061 2952 2152 φάσκουσα

343 2161 468 2237 »δι’
511 2169 676 2254 ἐμοῦ
716 2175 1006 2251 βασιλεῖς
1048 2164 1544 2248 βασιλεύουσιν(
1579 2171 1691 2235 καὶ
1740 2157 1870 2233 »δι’
1916 2167 2077 2252 ἐμοῦ
2118 2169 2507 2252 μεγιστᾶνες
2547 2163 2953 2254 μεγαλύνον-

337 2293 506 2336 ταιε.
590 2271 743 2348 πῶς
786 2261 852 2334 δ’
899 2263 985 2336 ἂν
1030 2271 1208 2337 εἴποι
1251 2261 1294 2355 ἦ
1338 2264 1504 2355 σὰρξ
1557 2262 1638 2335 τὸ
1711 2260 2190 2353 »μνημονεύσω
2252 2261 2337 2334 τὰ
2397 2267 2469 2346 ἐξ
2520 2265 2771 2345 αἰῶνος
2814 2261 2953 2352 ἇρι-

337 2369 648 2452 θμῆσαιι,
693 2363 796 2446 οἷς
839 2363 1070 2454 ἐπάγει
1113 2363 1197 2436 τὸ
1247 2366 1512 2452 »κύριος
1553 2365 1814 2435 ἔκτισέν
1854 2391 1935 2452 με
1988 2356 2199 2451 ἀρχὴν
2244 2357 2428 2432 ὁδῶν
2473 2359 2754 2448 αὐτοῦς
2798 2357 2838 2434 ὅ
2882 2371 2951 2436 δὲ

335 2471 444 2534 καὶ
491 2470 668 2545 τίνες
713 2466 780 2534 αὶ
825 2458 973 2535 ὁδοὶ
1013 2469 1420 2553 παρίστησιν
1463 2470 1684 2553 λέγων
1729 2464 1878 2552 ἑξῆς

242 2571 306 2626 20
463 2565 601 2648 (Nr.
661 2569 758 2649 12)
821 2555 1026 2646 οὗτος
1087 2563 1212 2654 γὰρ
1271 2559 1432 2653 ἡμῖν
1491 2582 1640 2645 τοῖς
1699 2568 1976 2645 δικαίως
2038 2559 2519 2634 πολιτεύεσθαι
2589 2568 2956 2651 μέλλουσιν

463 2669 850 2746 θεοσεβείας
893 2657 1052 2744 ὁδὸς
1095 2667 1398 2751 γέγονεν·
1443 2658 1611 2752 άρχὴ
1655 2667 1903 2734 πασῶν
1947 2668 2094 2732 τῶν
2134 2659 2302 2750 μετὰ
2346 2667 2564 2732 ταῦτα
2611 2655 2814 2734 όδιῦν.

335 2769 448 2833 καὶ
492 2771 946 2853 προστίθησιν
2990 2779 3057 2832 34

462 2866 600 2949 (Nr.
652 2868 752 2948 12)
803 2857 1088 2951 »ἀρχὴνι
1139 2869 1211 2935 δὲ
1260 2857 1518 2934 »οδῶν«
1585 2862 1695 2933 διὰ
1757 2869 1970 2933 τοῦτο
2034 2857 2319 2943 εἰκότως
2380 2864 2641 2951 εἴρηκεν
2686 2860 2811 2933 τὸν
2856 2869 2955 2934 δε-

463 2958 730 3051 σπότην
775 2956 969 3050 ἡμῶν
1014 2959 1140 3033 τὸν
1177 2968 1480 3052 σωτῆρα,
1537 2958 1713 3033 διότι
1754 2968 1867 3031 καὶ
1912 2967 2060 3031 τῶν
2103 2962 2377 3049 ἑτέρων,
2424 2964 2526 3031 οὖν
2569 2957 2955 3051 ἐσχήκαμεν,

235 3070 300 3123 25
462 3056 651 3132 οδῶν
692 3059 861 3149 μετὰ
906 3060 1035 3151 τὴν
1077 3088 1371 3151 πρωτην
1431 3056 1596 3132 οδὸν
1639 3058 1806 3151 ἀρχὴ
1854 3066 2157 3149 γέγονεν,
2219 3060 2341 3141 τὰς
2395 3058 2501 3131 διὰ
2556 3066 2704 3131 τῶν
2756 3064 2961 3151 ἱερῶν

465 3155 885 3232 άποστόλων
929 3167 1163 3249 δηλων
1191 3159 1595 3250 παραδόσεις
1639 3166 1786 3230 τῶν
1822 3158 2029 3247 »μετὰ
2068 3155 2371 3247 ὑψηλοῦ(
2405 3158 2582 3229 κατὰ
2626 3159 2759 3248 τὴν
2798 3188 2960 3247 προ-

463 3268 753 3350 φητείαν
829 3258 1322 3349 »κηρύγματοςι
1401 3257 1851 3349 κηρυξάντων
1912 3256 2069 3349 ἡμῖν
2128 3258 2211 3330 τὸ
2272 3258 2511 3331 καινὸν
2572 3265 2785 3329 τοῦτο
2846 3288 2960 3349 μυ-

435 3357 758 3479 ‘avjptou

337 3464 558 3529 ταῦτα
603 3456 1015 3547 Μάρκελλος.
1089 3464 1100 3547 Ι
2998 3471 3114 3527 156

228 3567 298 3620 30
509 3564 550 3632 3
596 3564 653 3628 εί
693 3565 816 3647 μὲν
861 3552 985 3630 οὖν
1027 3556 1116 3649 μὴ
1162 3565 1274 3629 καὶ
1319 3558 1448 3647 τὴν
1493 3564 1798 3639 Μωσέως
1839 3562 1952 3626 καὶ
1996 3562 2144 3627 τῶν
2185 3555 2353 3645 μετὰ
2400 3562 2651 3627 Μωσέα
2692 3586 2958 3647 προφη-
3046 3566 3277 3661 ἔλεγχος

337 3664 492 3729 τῶν
535 3664 945 3747 παρεδέχετο
991 3656 1286 3748 γραφήν,
1350 3657 1525 3746 εἶχεν
1583 3655 1670 3727 ἄν
1730 3684 1886 3727 τινα
1939 3653 2168 3727 εἰκότα
2220 3652 2409 3745 αὐτῷ
2456 3652 2665 3744 λόγον
2710 3653 2750 3747 ἦ
2793 3652 2958 3729 άπό-
2997 3639 3330 3792 ‹³233›ch

337 3764 554 3839 δοσις·
598 3761 743 3828 ἐπεὶ
789 3762 862 3829 δὲ
906 3754 989 3829 ού
1032 3764 1180 3828 τῶν
1226 3754 1673 3829 άθετούντων
1733 3761 1920 3827 ἐστὶν
1962 3754 2093 3845 τὴν
2133 3754 2431 3827 παλαιὰν
2476 3754 2831 3846 διαθήκην,
2893 3767 2961 3829 τί
3030 3774 3161 3840 τοὺς
3207 3775 3293 3830 τό·

338 3854 426 3945 δή
487 3884 662 3927 ποτε
725 3855 889 3940 τούς
947 3864 1072 3945 μὲν
1132 3853 1560 3938 ἀποστόλους
1620 3861 1730 3926 καὶ
1793 3854 2073 3926 τούτων
2123 3854 2246 3937 τὰς
2299 3860 2725 3939 διδασκαλίας
2766 3850 2965 3939 ὁδοὺς
3001 3840 3331 3980 “fvfgffigw

337 3952 732 4043 ωνόμασεν,
796 3952 942 4044 οὖχὶ
1005 3962 1074 4028 δὲ
1125 3952 1493 4044 πρόσεσχεν
1555 3974 1698 4037 τοῖς
1760 3962 1886 4025 τοῦ
1928 3960 2097 4026 θεοῦ
2140 3952 2527 4077 προφήταις
2569 3964 2771 4046 μυρία
2811 3964 2963 4045 περὶ
3032 3998 3149 4034 νων
3200 3980 3299 4033 καὶ

225 4068 296 4123 35
336 4050 532 4127 ὁδῶν
575 4061 748 4127 θεοῦ
789 4052 1226 4145 γεγραφόσιν,·
1267 4062 1553 4145 πρῶτον
1595 4083 1717 4143 μεν
1760 4054 1888 4145 γὰρ
1932 4060 2187 4143 Μωσῆς
2232 4047 2367 4125 ωδε
2408 4051 2693 4144 γράφων
2738 4060 2964 4147 ἔλεγεν
2998 4044 3331 4201 ἶζίξλαξῑῖἰὲζ

3100 4183 3239 4236 '’lifa-

515 4276 548 4332 1
587 4276 639 4329 II
681 4276 804 4330 Kor.
843 4278 890 4343 5,
930 4278 996 4330 17
1031 4306 1098 4316 —
1138 4275 1175 4331 4
1209 4277 1370 4331 Prov.
1405 4275 1454 4340 8,
1492 4276 1558 4329 22
1593 4304 1660 4313 —
1695 4277 1732 4331 9
1768 4276 1930 4331 Prov.
1964 4278 2013 4343 8,
2051 4277 2116 4333 22
2160 4305 2227 4315 —
2283 4276 2356 4331 11
2396 4276 2555 4330 Prov.
2592 4276 2641 4339 8,
2680 4278 2745 4331 12
2779 4306 2845 4315 -
2886 4276 2960 4331 12

335 4376 501 4434 Prov.
535 4378 586 4445 8,
621 4378 690 4433 22
723 4407 790 4417 -
848 4377 924 4433 14
963 4376 1122 4432 Prov.
1158 4378 1207 4445 8,
1247 4377 1314 4431 22
1366 4404 1433 4415 ——
1488 4376 1564 4431 16
1597 4376 1757 4430 Prov.
1793 4378 1842 4442 8,
1881 4378 1961 4433 15.
1999 4378 2066 4433 16
2118 4406 2185 4417 -
2238 4378 2309 4433 17
2352 4377 2512 4432 Prov.
2550 4379 2598 4444 8,
2633 4378 2745 4432 218
2781 4408 2848 4419 -
2884 4380 2961 4435 18

335 4476 503 4534 Prov.
539 4478 588 4543 8,
623 4479 692 4533 22
727 4508 794 4518 -
831 4480 905 4534 21
945 4479 1066 4533 Joh.
1106 4480 1186 4542 14,
1224 4479 1258 4534 6
1293 4506 1358 4517 -
1395 4477 1472 4532 28
1509 4476 1668 4531 Prov.
1705 4478 1751 4545 8,
1789 4478 1857 4531 ‘22
1893 4508 1959 4517 -—
1996 4478 2114 4534 261
2144 4478 2303 4534 Prov.
2340 4480 2388 4546 9,
2425 4480 2458 4533 3

517 4680 596 4735 14
633 4678 785 4750 λέγει
822 4677 873 4732 V
909 4696 1047 4735 corr.
1087 4680 1160 4734 Kl
1225 4683 1232 4749 Ι
1299 4678 1378 4734 80
1413 4678 1534 4733 hier
1569 4696 1616 4732 a.
1652 4677 1714 4733 R.
1750 4672 1804 4750 β’
1841 4679 1890 4731 V

462 4765 702 4811 Eusebius
729 4765 810 4809 IV.
2492 4765 2557 4819 10
