3694 5582
699 517 782 579 22
1900 509 2167 565 Eusebius

827 681 994 758 θείς,
1040 669 1184 743 ἀλλ’
1232 672 1456 764 ἑαυτῷ
1489 674 1804 756 δεδωκὼς
1843 684 2089 746 πλεῖον
2134 678 2452 761 δευτέραν
2496 669 2830 745 ὑπόθεσιν
2882 668 3325 762 διηγήσασθαι

830 779 958 844 τοῦ
1001 770 1212 862 λόγου
1253 769 1478 864 μάτην
1520 781 1756 867 τολμᾷ.

703 879 814 944 καὶ
861 871 1135 955 τούτοις
1167 879 1236 944 δὲ
1267 892 1414 955 τοῖς
1441 869 1578 946 ύπό
1607 869 1985 963 ’.Ωριγένους
2028 868 2262 962 ὀρθῶς
2292 879 2681 964 εἰρημένοις,
2726 879 2881 961 περὶ
2912 878 3038 945 τοῦ
3064 871 3154 962 μὴ
3185 878 3329 944 δεῖν

705 970 1098 1062 σωματικήν
1154 1001 1308 1044 τινα
1350 979 1461 1047 37¹
1503 980 1616 1046 καὶ
1659 973 2053 1064 παθητικὴν
2095 971 2603 1062 ὑπολαμβάνειν
2644 972 2775 1064 τὴν
2816 979 2941 1063 τῆς
2986 971 3330 1061 θεότητος

638 1083 671 1136 5
707 1080 834 1144 τοῦ
874 1075 1028 1146 υἱοῦ
1071 1079 1403 1163 γέννησιν,
1453 1068 1808 1163 ἀντιλέγει,
1852 1070 2124 1160 μάλισθ’
2156 1067 2268 1146 ὅτι
2312 1081 2413 1163 τῷ
2446 1077 2571 1163 υἱῷ
2611 1079 2905 1145 δέδωκεν
2931 1068 3327 1143 ύπόστασιν.

704 1180 816 1244 καὶ
877 1177 1183 1263 ἐπιφέρει
1245 1171 1372 1246 τὸν
1423 1170 1722 1263 ’.Ωριγένη
1785 1171 1998 1245 πάλιν
2055 1181 2285 1256 κακῶς
2350 1179 2570 1262 λέγων
2628 1191 2774 1256 τοῖς
2828 1201 2903 1244 τε
2955 1167 3069 1242 ὑπ’
3112 1167 3329 1243 αύτοῦ

707 1269 940 1360 ὀρθῶς
981 1289 1335 1362 γραφεῖσιν
1377 1269 1756 1363 ἀντιλέγων
1801 1277 1879 1344 ἐν
1931 1272 2204 1355 τούτοις

461 1390 564 1450 '1⁷⁸
831 1378 966 1461 (Nr.
1011 1379 1114 1459 32)
1188 1367 1300 1443 ὅτι
1369 1371 1454 1444 τὰ
1517 1379 1801 1445 τοιαῦτα
1860 1370 2150 1462 γράφων
2206 1369 2545 1464 ’.Ωριγένης
2612 1377 2807 1456 ἰδίοις
2874 1376 3117 1462 ἐχρῆτο
3180 1367 3331 1459 δόγ-

653 1479 665 1486 ’
831 1464 1058 1562 μασιν,
1123 1478 1332 1562 δῆλον
1397 1467 1514 1558 ἀφ’
1581 1465 1682 1544 ὧν
1725 1477 1836 1544 καὶ
1900 1473 1987 1544 τὰ
2031 1475 2277 1547 ἑαυτοῦ
2352 1470 2717 1563 ἀνατρέπει
2793 1469 3143 1554 πολλάκις.
3256 1475 3333 1543 ἐν

608 1579 674 1634 10
829 1578 998 1661 γοῦν
1041 1572 1254 1661 ἑτέρῳ
1297 1578 1526 1662 χωρίῳ
1573 1565 1774 1643 ἅτινα
1815 1579 1972 1659 περὶ
2015 1579 2185 1646 θεοῦ
2228 1580 2428 1663 λέγει,
2484 1569 2875 1645 ἀκόλουθόν
2926 1575 3112 1642 ἐστιν
3162 1568 3329 1642 ύπο-

832 1677 1094 1761 μνῆσαι.
1155 1668 1394 1760 γράφει
1439 1675 1510 1742 δὲ
1553 1667 1802 1756 οὕτως·
1850 1668 1941 1743 ού
1984 1671 2128 1761 γὰρ
2174 1668 2213 1744 0‘
2244 1671 2433 1756 θεὸς
2474 1671 2736 1762 πατὴρ
2780 1674 2985 1744 εἶναι
3026 1667 3327 1762 ἤρξατο
3366 1685 3439 1738 22

831 1767 1372 1858 κωλυόμενος,
1439 1769 1544 1854 οὖς
1613 1775 1686 1843 οἱ
1760 1769 2177 1861 γινόμενοι
2246 1779 2593 1862 πατέρες
2653 1771 3109 1860 ἄνθρωποι,
3174 1768 3331 1842 ύπὸ

835 1875 980 1940 τοῦ
1021 1868 1120 1960 μὴ
1167 1869 1562 1942 δύνασθαί
1620 1901 1742 1943 πω
1796 1880 2141 1961 πατέρες
2186 1875 2405 1944 εἶναι.
2478 1875 2543 1942 εἰ
2582 1870 2729 1961 γὰρ
2774 1866 2893 1943 ἀεὶ
2935 1878 3247 1954 τέλειος
3290 1864 3331 1940 ό

833 1965 1050 2054 θεός,
1096 1977 1227 2040 καὶ
1256 1967 1648 2059 πάρεστιν
1675 1967 1892 2060 αύτῷ
1928 1971 2259 2062 δύναμις
2290 1980 2436 2045 τοῦ
2462 1979 2771 2061 πατέρα
2808 1967 3059 2043 αύτὸν
3090 1973 3333 2053 εἶναι,

608 2074 674 2127 15
831 2075 962 2139 καὶ
993 2067 1246 2140 καλὸν
1277 2065 1526 2142 αὐτὸν
1557 2069 1759 2141 εἶναι
1787 2077 2096 2162 πατέρα
2134 2073 2521 2146 τοιούτου
2563 2076 2767 2156 υἱοῦ,
2814 2077 2956 2160 (tl)
2988 2067 3335 2157 αναβάλ-

834 2180 1062 2240 λεται
1133 2177 1262 2239 καὶ
1337 2175 1480 2241 τοῦ
1549 2175 1799 2243 καλοῦ
1874 2171 2168 2244 ἑαυτὸν
2240 2179 2637 2264 στερίσκει
2703 2179 2862 2256 καί,
2934 2169 3041 2254 ὥς
3112 2175 3337 2242 εστιν

833 2274 1119 2355 εἰπεῖν,
1184 2273 1265 2354 ἐξ
1307 2260 1396 2339 οὗ
1449 2267 1790 2341 δύναται
1833 2270 2095 2361 πατὴρ
2160 2267 2548 2355 εἶναι,ού
2603 2277 2945 2360 (γίνεται
3000 2267 3335 2362 πατήρ>,·

833 2367 925 2440 τὸ
972 2365 1164 2439 αὐτὸ
1208 2376 1579 2458 μέντοιγε
1619 2377 1746 2440 καὶ
1793 2379 1972 2459 περὶ
2020 2377 2163 2441 τοῦ
2200 2367 2430 2459 αγὶου
2480 2371 2935 2460 πνεύματος
2978 2377 3331 2442 λεκτέον.

834 2475 986 2550 πῶς
1028 2459 1152 2538 οὖν
1189 2463 1566 2556 ’.Ωριγένους
1607 2476 1721 2540 καὶ
1764 2475 1977 2542 τοῦτο
2022 2469 2433 2559 γράψαντος,
2478 2467 2518 2542 ό
2560 2469 2885 2562 μακάριος
2922 2467 3077 2542 κατ’
3116 2466 3334 2540 αὐτὸν
3368 2485 3441 2539 23

609 2577 677 2633 20
833 2573 1171 2649 Παυλῖνος
1216 2573 1428 2639 τοῦτο
1473 2574 1594 2657 μὲν
1635 2564 2165 2658 ἀποκρύψασθαι
2226 2567 2349 2642 ούκ
2400 2567 2765 2643 ακίνδυνον
2806 2567 3132 2660 ἐνόμισεν,
3174 2567 3332 2658 χρή-

832 2675 1080 2737 σασθαι
1125 2673 1195 2738 δὲ
1237 2673 1330 2749 εἰς
1372 2667 1795 2757 κατασκευὴν
1847 2677 1995 2740 τῶν
2049 2671 2268 2760 ἑαυτῷ
2316 2668 2717 2742 δοκούντων
2770 2689 2915 2753 τοῖς
2976 2674 3334 2752 ἐναντίοις,

834 2794 936 2836 ων
982 2763 1137 2839 οὐδὲ
1181 2763 1393 2839 αὐτὸν
1441 2797 1527 2840 αν
1553 2763 1849 2858 Ὠριγένη
1896 2773 2145 2858 εἴποιμι
2192 2769 2319 2841 τὸν
2366 2766 2578 2859 λόγον
2628 2767 3008 2842 αποδοῦναι
3036 2766 3335 2841 δυνατὸν

831 2868 1028 2950 εἶναι;

709 2969 784 3037 ἐν
837 2964 1114 3048 τούτοις
1175 2996 1213 3037 ο
1261 2965 1654 3054 Μάρκελλος
1721 2973 1997 3040 ἐναντία
2061 2968 2275 3092 Wd‘vm
2336 2967 2525 3061 αύτῷ
2588 2968 2717 3041 τὸν
2756 2964 3056 3059 ’.Ωριγένη
3116 2970 3335 3040 εἰπών

607 3077 675 3132 25
710 3063 1200 3150 κατεψεύσατο,
1241 3066 1331 3157 μὴ
1378 3071 1693 3157 δυνηθεὶς
1737 3085 2051 3149 συνεῖναι,
2114 3099 2211 3151 ως
2254 3068 2363 3141 διὰ
2405 3075 2528 3158 μὲν
2570 3074 2695 3157 τῆς
2736 3074 3077 3155 προτέρας
3120 3095 3335 3157 παρα-

712 3168 969 3247 θέσεως
1013 3163 1096 3236 τὸ
1141 3162 1510 3256 ασῶματον
1563 3170 1676 3239 καὶ
1739 3162 2001 3250 ἅπαθες
2064 3176 2192 3240 τοῦ
2250 3166 2512 3256 πατρὸς
2574 3166 2843 3257 ἐδήλου,
2906 3166 3015 3239 διὰ
3078 3173 3149 3239 δὲ
3210 3174 3334 3255 τῆς

713 3268 1028 3353 δευτέρας
1072 3262 1156 3336 τὸ
1200 3266 1290 3355 μὴ
1335 3263 1564 3357 χρόνῳ
1609 3264 1745 3354 πρὸ
1791 3265 2083 3339 πάντων
2128 3273 2199 3339 δὲ
2244 3268 2523 3341 αἰώνων
2584 3265 2712 3339 τὸν
2754 3264 2906 3337 υιὸν
2948 3274 3333 3356 γεγεννηκέ-

709 3392 836 3435 ναι.
909 3356 1110 3447 αὖθις
1155 3372 1226 3437 δὲ
1268 3362 1420 3455 μεθ’
1467 3358 1661 3455 ετερα
1703 3375 1859 3456 περὶ
1904 3373 2032 3438 τοῦ
2060 3362 2434 3455 ’.Ωριγένους
2470 3377 2480 3453 Ι
2521 3398 2558 3439 ο
2604 3364 2811 3450 αύτός
2841 3373 3059 3437 ταῦτα
3088 3364 3337 3455 γράφει
3370 3384 3553 3446 24128

547 3508 598 3546 -1
649 3492 656 3504 ·
835 3467 972 3551 (Nr.
1005 3469 1112 3553 78)
1157 3473 1384 3537 καίτοι
1427 3472 1486 3537 εἰ
1529 3474 1630 3538 δεῖ
1670 3462 1965 3555 τάληθὲς
2008 3474 2159 3554 περὶ
2187 3464 2564 3556 Ὠριγένους
2606 3474 2840 3551 εἰπεῖν,
2884 3472 3099 3538 τοῦτο
3128 3490 3335 3553 προσ·

888 3636 959 3691 11
1001 3636 1262 3705 Origenes
1297 3634 1356 3689 in
1393 3634 1526 3690 Gen.
1552 3652 1749 3691 comm.
1774 3636 1810 3688 1.
1849 3637 1875 3689 I
1910 3636 2041 3706 (ng.
2062 3636 2383 3707 Pamphilus
2419 3638 2562 3708 apol.
2599 3640 2675 3707 3):
2711 3655 2823 3693 non
2859 3636 3007 3693 enim
3042 3637 3174 3692 deus
3209 3654 3335 3691 cum

711 3740 858 3813 prius
917 3757 1030 3794 non
1096 3740 1239 3793 esset
1294 3740 1477 3806 pater,
1524 3740 1716 3807 postea
1758 3740 1917 3807 pater
1973 3754 2089 3793 esse
2147 3739 2327 3809 coepit
2383 3738 2537 3793 velut
2577 3738 2873 3809 impeditus
2932 3738 3208 3808 aliquibus
3266 3754 3337 3792 ex

713 3843 889 3898 causis
943 3840 1140 3909 quibus
1185 3838 1433 3894 homines
1467 3838 1728 3895 mortales
1761 3838 2015 3911 impediri
2050 3838 2244 3905 solent,
2279 3841 2344 3893 ut
2376 3856 2490 3894 non
2525 3839 2711 3895 statim
2748 3856 2817 3895 ex
2852 3858 2961 3909 quo
2998 3841 3129 3895 sunt
3162 3838 3337 3895 etiam

711 3947 894 4015 patres
939 3958 1057 3997 esse
1100 3941 1324 4011 possint.
1411 3940 1459 3995 si
1493 3940 1639 3995 enim
1675 3958 1891 4010 semper
1924 3940 2197 4011 perfectus
2241 3944 2325 3995 est
2369 3940 2525 4010 dene,
2579 3958 2683 3995 neo
2726 3941 2878 3996 deest
2920 3940 2973 3997 ei
3014 3940 3188 3996 uirtus
3225 3958 3338 4010 qua.

711 4048 870 4117 pater
902 4044 990 4108 sit,
1026 4046 1084 4099 et
1116 4044 1323 4097 bonum
1359 4045 1441 4097 est
1475 4058 1591 4097 esse
1625 4058 1751 4095 eum
1773 4044 1988 4113 patrem
2024 4042 2151 4097 talis
2186 4042 2305 4109 filii,
2342 4042 2475 4113 quid
2510 4042 2709 4111 differt,
2747 4044 2845 4097 aut
2878 4042 3010 4113 quid
3046 4043 3153 4097 hoe
3185 4040 3336 4097 bono

713 4164 772 4202 se
826 4144 1048 4199 fraudat
1100 4145 1158 4197 et
1206 4160 1319 4198 non
1371 4142 1584 4210 statim,
1637 4142 1686 4195 si
1729 4141 1810 4197 ita
1854 4142 1965 4197 dici
2015 4145 2221 4213 potest,
2276 4160 2344 4199 ex
2389 4162 2497 4213 quo
2542 4147 2725 4215 pot-est
2758 4161 2875 4201 osee
2910 4147 3067 4214 pater
3100 4142 3339 4197 efficitur

713 4246 910 4317 pater?
947 4244 1182 4315 idipsum
1219 4246 1405 4299 autem
1442 4243 1611 4298 etiam
1647 4242 1715 4297 de
1749 4244 1949 4313 spiritu
1984 4248 2175 4300 saneto
2211 4245 2504 4301 dicendum
2539 4248 2624 4300 est
2658 4276 2723 4285 --
2764 4245 2883 4302 191³
2914 4245 3026 4315 vgl.
3060 4244 3153 4327 Ny.
3191 4246 3255 4297 77

888 4382 919 4435 1
960 4375 1274 4435 ὑπόστασιν
1297 4378 1390 4434 Mo
1437 4381 1447 4448 1
1496 4380 1532 4435 2
1569 4375 1849 4448 μάτηνΚΙ
1882 4380 2163 4447 μαθεῖνῖἶ
2190 4380 2307 4449 (etr.
2324 4380 2424 4449 Re)
2478 4382 2487 4448 Ι
2544 4380 2616 4437 11
2654 4380 2811 4451 θεὸς]
2858 4381 3075 4435 danaeh
3108 4378 3337 4434 Lfioke‘?

713 4482 827 4554 vgl.
863 4481 1012 4551 Orig.
1043 4480 1051 4548 Ι
1086 4481 1161 4538 15
1196 4482 1252 4535 τί
1285 4480 1368 4535 Re
1409 4480 1558 4536 διατί
1593 4480 1696 4534 We
1729 4479 1841 4551 vgl.
1880 4479 2026 4550 orig.
2075 4485 2084 4550 Ι
2134 4480 2211 4538 16
2246 4482 2387 4551 xa22]
2441 4489 2506 4546 4—
2552 4478 2657 4537 οὐκ
2692 4480 2859 4548 εὐθὺς
2892 4481 3001 4537 We
3033 4482 3147 4552 vgl.
3183 4479 3335 4551 Orig.

719 4586 726 4655 Ι
787 4584 858 4641 17
911 4582 978 4639 οὐ
1013 4583 1228 4654 γίνεται
1261 4584 1446 4656 πατήρ
1471 4580 1543 4636 ΚῙ
1577 4582 1722 4637 nach
1744 4582 1824 4636 Re
1847 4582 1959 4653 vgl.
1980 4581 2127 4653 Orig.
2147 4579 2273 4637 υἱοῦ
2293 4582 2339 4636 V
2388 4584 2396 4651 Ι
2446 4583 2570 4638 22ῐ
2598 4574 2682 4639 ὧν
2706 4584 2779 4639 Κ1
2814 4578 2963 4650 t‘ucV
3010 4584 3019 4651 Ι
3072 4578 3337 4654 ὠριγὲνει

714 4686 811 4752 W,
843 4703 979 4741 corr.
999 4684 1114 4739 V1‘?
1145 4685 1154 4753 l
1195 4680 1410 4753 εἴποιμι
1428 4684 1507 4739 Re
1544 4678 1604 4739 εἴ
1627 4683 1787 4752 ¹1:ch
1829 4677 1977 4741 εἶναι
2002 4684 2153 4739 Zahn
2190 4676 2259 4754 ἦν
2284 4684 2332 4738 V
2376 4688 2383 4754 Ι
2432 4686 2511 4741 24
2549 4678 2770 4759 av'tcpv
2821 4688 2829 4754 1
2876 4686 2954 4741 25
2994 4682 3241 4740 συνιέναι
3278 4702 3335 4738 m
