3694 5582
712 503 828 564 114
1881 489 2148 548 Eusebius

705 654 876 748 άρχή
928 665 1074 748 μία,
1137 663 1196 730 εί
1247 662 1320 728 δὲ
1363 657 1438 726 ἓν
1481 661 1664 743 λέγοι
1707 652 1789 726 τὸ
1833 651 2056 727 ἀίδιον
2101 653 2228 726 τὸν
2272 651 2487 726 αὐτὸν
2548 649 2941 742 ὁριζόμενος
2984 653 3153 723 εἶναι
3196 649 3323 722 τὸν

709 758 878 829 θεὸν
923 765 1026 848 τῷ
1082 754 1268 846 λόγῳ
1333 753 1592 846 γυμνὸν
1652 754 1780 826 τὸν
1821 761 2202 845 Σαβέλλιον
2264 750 2693 844 ὁμολογήσει,
2756 749 3139 839 υἱοπάτορα
3198 750 3325 821 τὸν

710 858 827 930 ἕνα
869 854 1019 928 κατ’
1063 855 1281 929 αυτὸν
1323 859 1588 926 ἐκεῖνον
1633 852 1939 944 εἰσάγων.
2008 857 2196 978 ἔσται
2238 846 2364 925 οὖν
2408 850 2445 925 6
2489 851 2719 944 πατὴρ
2751 851 2939 943 αυτῷ
2974 857 3391 942 γεννηθεὶς3

705 964 817 1028 καὶ
877 955 1162 1040 παθών,
1231 962 1344 1027 καὶ
1405 951 1612 1035 αὐτὸς
1672 957 1859 1026 ἔσται
1920 951 1958 1026 6
2020 951 2379 1044 εὐχόμενος
2438 955 2662 1043 ἑαυτῷ
2722 960 2837 1023 καὶ
2897 947 3325 1024 ἀπεστάλθαι

639 1069 672 1122 5
707 1061 926 1144 λέγων
985 1052 1101 1144 υφ’
1147 1058 1394 1126 ἑαυτοῦ
1445 1061 1559 1125 καὶ
1599 1052 1822 1126 υὶὸν“
1797 1061 2044 1126 εαυτοῦ
2084 1061 2198 1126 καὶ
2257 1059 2625 1143 μονογενῆ,
2688 1049 2813 1124 οὐκ
2866 1049 3326 1138 ’ἐπαληθεύων

707 1158 831 1227 σὺν
877 1162 1186 1247 εἰρωνείᾳ
1231 1160 1304 1225 δὲ
1344 1150 1959 1240 καταψευδόμενος.
2042 1161 2156 1224 καὶ
2216 1161 2321 1236 τίς
2382 1182 2469 1224 αν
2526 1155 2754 1239 ἕτερος
2810 1147 3065 1223 τούτου
3106 1156 3326 1222 δυσσε-

706 1261 1021 1344 βέστερος
1075 1250 1323 1344 γένοιτ’
1369 1251 1457 1325 ἀν
1517 1249 1749 1343 λόγος·
1811 1249 1987 1324 άλλὰ
2027 1252 2155 1342 γὰρ
2198 1249 2385 1342 ἡμεῖς
2429 1259 2593 1344 φέρε
2653 1255 2930 1340 ἴδωμεν,
2994 1245 3244 1322 ὁποῖον
3316 1255 3323 1338 i
3366 1269 3485 1324 120

711 1351 869 1476 ἡμῖν
930 1351 968 1427 6
1033 1352 1503 1474 εὗαγγελιστὴς
1563 1349 1777 1442 λόγον
1837 1350 2328 1442 εὐαγγελίζεται
2390 1350 2674 1440 φάσκων
2727 1356 2852 1474 ἶέν
2912 1349 3081 1439 άρχῇ
3142 1341 3229 1440 ἦν
3288 1344 3327 1421 6

711 1451 933 1544 λόγος,
977 1463 1089 1525 καὶ
1133 1451 1172 1525 6
1220 1452 1422 1542 λόγος
1467 1443 1553 1543 ἦν
1592 1450 1768 1542 πρὸς
1811 1451 1940 1524 τὸν
1983 1450 2173 1538 θεόν,
2217 1460 2330 1523 καὶ
2372 1451 2539 1536 θεὸς
2584 1443 2672 1541 ἦν
2708 1446 2748 1522 6
2792 1447 3053 1540 λόγοςε.

608 1565 676 1619 10
876 1561 958 1629 13
1002 1551 1044 1644 ἦ
1087 1561 1211 1645 μὲν
1255 1547 1383 1626 οὖν
1426 1551 1554 1624 τὸν
1597 1548 1804 1640 λόγον
1851 1556 2151 1640 δηλοῦσα
2194 1559 2398 1639 λέξις,
2444 1547 2544 1625 δι’
2552 1548 2973 1640 Ἑλληνικῆς
3003 1550 3328 1639 γλώττης
3398 1575 3647 1637 ποσαχῶς

709 1660 1280 1744 προενηνεγμένη,
1351 1649 1746 1742 πολύσημον
1805 1647 2177 1737 ὖποβάλλει
2237 1651 2367 1742 τὴν
2427 1655 2497 1739 ἐξ
2559 1645 3146 1739 αυῗῆΐθὲἷρίαν.
3246 1650 3327 1720 α’.
3362 1639 3431 1693 τὸ
3502 1655 3673 1704 aqua«

3363 1706 3604 1772 νόμενον
3630 1701 3680 1758 ἐκ

708 1759 1030 1842 κέκληται
1086 1753 1212 1843 γὰρ
1268 1749 1350 1839 [6]
1413 1748 1652 1874 λόγος
1675 1757 1786 1822 καὶ
1847 1747 1887 1824 6
1940 1754 2017 1822 ὲν
2066 1759 2155 1842 τῇ
2208 1759 2443 1841 λογικῇ
2496 1759 2679 1839 ψυχῇ
2728 1755 3326 1839 καταβεβλημένος,
3362 1780 3466 1841 τῆς
3488 1780 3585 1827 τοῦ
3604 1771 3677 1823 2-13

708 1847 867 1923 καθ’
913 1845 996 1922 ὃν
1052 1851 1134 1922 τὸ
1180 1860 1569 1941 λογίζεσθαι
1611 1847 1768 1942 ἡμῖν
1810 1847 2167 1942 πάρεστιν,
2240 1851 2320 1936 β’.
2379 1858 2495 1922 καὶ
2546 1850 2729 1938 παρὰ
2784 1856 3038 1921 τοῦτον
3082 1849 3327 1938 ἕτερος,
3365 1859 3475 1912 7οι
3510 1857 3677 1908 ‹pan-q

712 1945 750 2023 6
797 1951 904 2023 διὰ
949 1953 1260 2072 γλώττης
1303 1959 1414 2023 καὶ
1444 1955 1680 2039 φωνῆς
1722 1948 2061 2039 ἐνάρθρου
2104 1959 2453 2042 σημαίνων
2482 1979 2565 2032 τι,
2626 1948 2701 2039 γ’.
2745 1956 2857 2020 καὶ
2885 1948 3063 2020 κατὰ
3090 1957 3329 2037 τρίτον
3418 1916 3638 1964 vostras

610 2061 676 2116 15
713 2048 993 2140 τρόπον,
1037 2045 1075 2122 6
1123 2049 1230 2123 διὰ
1275 2057 1538 2141 γραφῆς
1582 2057 1685 2141 τῷ
1731 2069 1979 2139 γραφεῖ
2015 2057 2569 2140 συντεταγμένος.
2642 2047 2751 2136 (δ’.
2756 2054 2786 2137 >
2829 2043 2957 2171 ἤδη
3002 2052 3074 2117 δὲ
3117 2043 3327 2134 λόγον
3362 2061 3397 2116 2

713 2151 1057 2238 εἰώθαμεν
1099 2162 1331 2222 καλεῖν
1373 2158 1486 2221 καὶ
1529 2148 1656 2221 τὸν
1707 2149 2171 2240 σπερματικὸν
2213 2145 2257 2239 ἢ
2308 2146 2629 2236 φυτικόν,
2690 2144 2848 2220 καθ’
2914 2141 2995 2219 ὃν
3054 2143 3329 2232 δυνάμει

711 2250 798 2323 τὰ
841 2257 1118 2342 μηδέπω
1163 2249 1392 2337 φύντα
1435 2245 1870 2321 έναπόκειται
1914 2267 2059 2331 τοῖς
2102 2254 2493 2338 σπέρμασιν
2537 2253 2879 2337 μέλλοντα
2922 2269 3087 2317 οσον
3130 2237 3325 2316 οὔπω

711 2359 796 2440 τῇ
841 2357 1138 2441 ἐνεργεία
1181 2355 1276 2431 εἰς
1319 2356 1470 2436 φῶς
1510 2354 1836 2436 προϊέναι.
1922 2347 1992 2418 ε’.
2052 2356 2165 2419 καὶ
2215 2348 2399 2436 παρὰ
2452 2354 2668 2419 ταῦτα
2714 2348 2961 2433 ἑτέρως
3001 2345 3327 2417 εἰώθασιν

713 2446 1070 2540 ὀνομάζειν
1114 2445 1325 2536 λόγον
1380 2447 1508 2518 τὸν
1559 2446 2086 2537 ἐπιστημονικὸν
2138 2452 2376 2537 τέχνης
2438 2446 2625 2530 τινὸς
2686 2442 2730 2536 ἢ
2790 2442 3157 2534 ἐπιστήμης
3214 2453 3327 2514 καὶ

609 2559 676 2614 20
710 2547 1002 2622 πάντων
1046 2554 1194 2618 τῶν
1237 2551 1516 2618 τοιωνδὶ
1559 2547 2043 2636 θεωρημάτων
2096 2544 2643 2636 καταληπτικόν,
2706 2547 2857 2620 οἷον
2914 2545 3225 2634 ἰατρικὸν
3282 2539 3327 2632 ἡ

711 2645 1264 2738 ἀρχιτεκτονικὸν
1304 2674 1345 2733 η
1394 2643 1863 2736 γεωμετρικόν.

918 2752 1000 2820 14
1041 2741 1398 2835 διαφόρων
1441 2753 1682 2818 τοίνυν
1725 2741 2015 2833 τρόπων
2055 2752 2581 2837 παρισταμένων
2642 2751 2717 2818 ἐκ
2768 2751 2892 2836 τῆς
2950 2750 3079 2817 τοῦ
3121 2740 3329 2833 λόγου
3364 2756 3531 2827 ὅπως
3598 2780 3657 2829 χρ
3662 2761 3686 2823 ὴ

712 2852 978 2934 φωνῆς,
1042 2852 1171 2919 τοῦ
1231 2873 1308 2916 τε
1370 2841 1844 2934 ευαγγελιστοῦ
1906 2843 2275 2929 ἇπολύτως
2337 2843 2688 2935 εἰρηκότος
2754 2851 2867 2918 »ἐν
2927 2841 3099 2933 άρχῇ
3158 2834 3243 2932 ἦν
3286 2836 3327 2913 6
3364 2829 3687 2948 ’ςῑῑῆθμηνεῖζ1

711 2944 944 3035 λόγος,
989 2951 1100 3016 καὶ
1144 2940 1183 3016 6
1229 2940 1433 3032 λόγος
1477 2936 1564 3033 ἦν
1606 2944 1779 3034 πρὸς
1821 2944 1953 3017 τὸν
1994 2943 2181 3031 θεόν,
2226 2954 2341 3017 καὶ
2382 2946 2548 3029 θεὸς
2592 2938 2679 3035 ἦν
2720 2942 2759 3017 6
2805 2942 3078 3033 λόγοςε,
3120 2966 3329 3030 προσ·
3364 2896 3677 3035 εάζιῆζιικῗὶὶ

609 3054 678 3109 25
714 3044 858 3134 ήκει
918 3044 1044 3117 τὸν
1105 3050 1272 3115 νοῦν
1315 3042 1772 3134 ἐπιστήσαντα
1823 3057 2271 3135 καταμαθεῖν,
2334 3042 2431 3127 ώς
2493 3051 2693 3131 ξένον
2744 3072 2814 3117 τι
2854 3049 3075 3133 χρῆμα
3116 3038 3329 3130 λόγου
3385 3036 3542 3155 λπερὶ
3566 3039 3686 3151 ‘3¹³⁴

712 3144 899 3234 παρὰ
959 3144 1045 3215 τὰ
1105 3147 1491 3232 ἐγνωσμένα
1549 3150 1660 3217 67*
1733 3139 1892 3234 ἡμῖν
1962 3142 2000 3216 6
2064 3143 2537 3235 εὖαγγελιστὴς
2596 3148 2707 3216 ἐπὶ
2778 3150 2909 3216 τοῦ
2976 3138 3329 3231 παρόντος
3362 3121 3610 3225 δαοὲἔάῑι
3606 3122 3686 3220 (ιιι...

713 3247 1203 3328 παραδίδωσιν,
1265 3238 1632 3325 άπολῦτως
1680 3250 1804 3333 μὲν
1850 3246 2065 3316 εἰπών
2108 3242 2319 3333 λόγον
2360 3250 2687 3333 προσθεὶς
2730 3250 2803 3315 δὲ
2847 3242 2929 3314 τὸ
2971 3250 3171 3329 ξένον
3213 3249 3327 3311 καὶ

713 3341 1108 3431 παράδοξον
1159 3349 1282 3433 τῆς
1333 3341 1708 3463 ἰδιαζουσης
1769 3341 1959 3435 αυτῷ
2024 3341 2368 3434 δυνάμεως
2428 3348 2501 3415 ἐν
2565 3350 2669 3433 τῷ
2737 3350 2883 3413 »καὶ
2944 3341 3106 3425 θεὸς
3158 3344 3245 3430 ἡν
3288 3334 3327 3410 6

718 3440 979 3532 λόγοςε.
1036 3442 1128 3532 μὴ
1173 3442 1297 3530 γὰρ
1342 3448 1488 3514 τῶν
1530 3442 1704 3530 πρός
1747 3472 1835 3527 τι,
1883 3450 2107 3531 φησίν,
2152 3439 2378 3530 νόμιζε
2414 3444 2583 3515 εἶναι
2610 3450 2722 3513 καὶ
2752 3448 3027 3526 τοῦτον,
3076 3438 3172 3522 ώς
3203 3439 3329 3512 τὸν
3368 3458 3407 3511 2

613 3546 682 3599 30
716 3546 790 3614 ἐν
833 3548 1012 3629 ψυχῇ
1055 3539 1266 3629 λόγον
1308 3536 1352 3629 ἢ
1399 3538 1496 3623 ώς
1538 3540 1666 3613 τὸν
1709 3540 1820 3612 διὰ
1874 3548 2113 3633 φωνῆς
2164 3539 2593 3631 άκουόμενον
2642 3538 2687 3631 ἢ
2752 3539 2849 3625 ώς
2909 3541 3037 3612 τὸν
3085 3543 3161 3611 ἐν
3206 3562 3331 3609 σω-

713 3660 1023 3729 ματικοῖς
1082 3633 1254 3711 ὄντα
1291 3647 1682 3763 σπέρμασιν
1747 3648 1760 3725 Ι
1820 3636 1867 3730 ἢ
1928 3638 2023 3725 οὖς
2088 3641 2217 3713 τὸν
2278 3646 2351 3713 ἐν
2409 3652 2908 3730 μαθηματικοῖς
2964 3638 3331 3728 υφεστῶτα
3374 3660 3503 3715 121

713 3738 1176 3829 θεωρήμασιν·
1239 3732 1434 3811 οὗτοι
1485 3740 1612 3829 γὰρ
1655 3738 1911 3823 πάντες
1955 3748 2104 3812 τῶν
2145 3738 2319 3829 πρός
2361 3770 2431 3811 τι
2474 3768 2672 3821 οντες
2732 3744 2809 3810 ἐν
2866 3742 3064 3831 ετέρᾳ
3120 3746 3331 3826 προῦ-

713 3844 1077 3929 ποκειμένῃ
1141 3843 1466 3909 νοοῦνται
1519 3837 1728 3929 οὐσίᾳ.
1814 3836 1853 3911 6
1910 3847 1980 3912 δὲ
2022 3839 2187 3923 θεὸς
2230 3837 2433 3961 λόγος
2478 3836 2598 3927 οὐχ
2642 3842 2877 3927 ἑτέρου
2935 3844 3147 3910 δεῖται
3204 3844 3332 3909 τοῦ

713 3943 1314 4026 προῦποκειμένου,
1360 3933 1442 4006 ἵν’
1489 3942 1562 4009 ἐν
1607 3937 1794 4030 αυτῷ
1841 3936 2204 4028 γενόμενος
2244 3936 2530 4027 υποστῇ,
2573 3935 2733 4009 καθ’
2764 3938 3012 4009 ἑαυτὸν
3041 3944 3117 4009 δέ
3142 3942 3331 4009 ἐστιν

609 4048 678 4102 35
717 4044 856 4123 ζῶν
897 4044 1010 4106 καὶ
1051 4034 1388 4122 υφεστώς
1410 4030 1530 4106 ἅτε
1573 4036 1736 4119 θεὸς
1779 4034 1897 4108 ὧν.
1985 4036 2217 4121 »θεὸςι
2270 4037 2394 4125 γὰρ
2442 4042 2565 4128 »ἡν
2608 4033 2647 4109 6
2693 4036 2954 4127 λόγοςι.
3042 4036 3212 4109 θεὸν
3256 4041 3329 4106 δὲ
3370 4060 3409 4112 3

715 4132 929 4207 αὐτὸν
976 4132 1278 4219 ἀκούων,
1327 4144 1560 4224 φησίν,
1605 4136 1696 4227 μὴ
1741 4136 2037 4225 ἄναρχον
2080 4145 2193 4209 καὶ
2235 4133 2614 4226 ἀγέννητον
2666 4133 2923 4225 ὁμοίως
2967 4144 3070 4228 τῷ
3116 4134 3329 4206 αὐτοῦ

881 4304 920 4358 4
955 4304 1133 4360 Mark.
1173 4308 1254 4368 14.
1289 4306 1323 4361 5
1357 4306 1482 4360 Par.
1517 4335 1584 4345 —
1619 4306 1743 4360 Joh.
1777 4308 1825 4371 6,
1864 4309 1929 4362 57
1964 4324 2017 4361 u.
2054 4311 2102 4360 ὃ.
2139 4338 2205 4345 -
2247 4306 2283 4361 8
2317 4306 2439 4361 Joh.
2478 4310 2525 4375 1,
2563 4310 2591 4363 1
2646 4336 2713 4347 -
2768 4307 2908 4363 1⁰ss
2937 4308 3051 4378 vgl.
3088 4306 3237 4375 Orig.
3274 4306 3335 4359 in

712 4404 913 4469 Joh.1,
951 4404 1074 4460 21ff
1103 4434 1170 4445 —-
1206 4406 1287 4461 28
1321 4406 1444 4461 Joh.
1481 4409 1527 4473 1,
1566 4410 1593 4460 1
1633 4436 1699 4447 —
1734 4406 1814 4463 28
1851 4407 1975 4463 Joh.
2018 4410 2065 4473 1,
2103 4411 2133 4463 1
2172 4438 2240 4447 —
2276 4408 2353 4463 85
2391 4408 2513 4463 Joh.
2552 4412 2598 4474 1,
2636 4412 2665 4463 1

887 4556 918 4610 1
959 4552 1183 4625 λέγοιτο
1221 4552 1406 4611 ἀίδιον
1425 4557 1491 4623 V,
1529 4572 1666 4611 corr.
1703 4556 1778 4611 Kl
1841 4558 1852 4626 Ι
1916 4557 1953 4613 5
1990 4553 2200 4613 ἑαυτοῦ
2234 4576 2289 4611 ιιι
2325 4551 2529 4613 ἑαυτὸν
2566 4559 2617 4613 V
2679 4562 2689 4627 Ι
2757 4560 2785 4614 7
2837 4560 3027 4630 λόγων
3066 4556 3158 4620 V*‚
3196 4574 3333 4613 corr.

714 4656 792 4709 V2
855 4656 864 4724 Ι
932 4656 1007 4711 12
1048 4655 1079 4711 ὁ
1117 4658 1210 4711 esar.
1249 4658 1326 4711 VO
1383 4660 1392 4725 1
1460 4657 1538 4713 15
1573 4651 1622 4711 δ’
1656 4676 1695 4727 g
1758 4660 1768 4725 Ι
1834 4657 1913 4713 18
1948 4663 2048 4727 τῆς
2080 4654 2371 4730 ἐνεργείας
2406 4660 2471 4722 V,
2510 4678 2644 4717 corr.
2682 4660 2756 4714 Kl
