3694 5582
725 527 842 590 138
1898 518 2165 574 Eusebius

721 678 1069 765 ἀπιστίαν,
1132 678 1508 771 δεδήλωται
1563 675 1644 751 δι’
1693 672 1796 751 ῶν
1856 687 2185 754 λέλεκται.
2272 678 2367 764 ῶς
2424 687 2497 752 δὲ
2554 687 2667 752 καὶ
2727 679 3159 770 διαστρόφως
3219 678 3341 762 τὰς

722 777 1268 871 ὁμολογουμένας
1338 788 1450 853 καὶ
1511 797 1744 867 σαφεῖς
1795 789 1951 868 περὶ
2012 787 2138 852 τοῦ
2196 787 2506 870 σωτῆρος
2567 777 2763 870 ἡμῶν
2828 778 3343 870 παρηρμὴνευεν

723 887 1174 966 διδασκαλίας,
1236 878 1486 970 μάθοις
1557 879 1646 952 ἂν
1694 889 1806 954 καὶ
1860 887 1929 968 ἐξ
1990 883 2247 972 ἑτέρων
2304 887 2427 970 μὲν
2484 885 2829 953 πλείστων
2888 873 3071 952 ὅσων
3132 877 3345 952 αύτοῦ

723 978 1118 1071 διηγήσεων,
1174 978 1347 1069 ἀτὰρ
1393 981 1473 1072 δὴ
1518 991 1630 1054 καὶ
1674 988 1749 1055 ἐκ
1793 990 1915 1070 τῆς
1960 974 2185 1064 οὕτως
2228 978 2524 1070 ἐχούσης.
2610 985 2685 1052 ἐν
2728 999 2876 1064 ταῖς
2922 984 3343 1069 Σολομῶνος

653 1096 686 1150 5
722 1089 1120 1171 Παροιμίαις
1164 1079 1496 1170 εἰσάγεται
1541 1077 1581 1171 ἦ
1625 1091 1833 1170 σοφία
1880 1077 2445 1169 αύτοπροσῶπως
2474 1087 2627 1169 περὶ
2658 1082 2899 1170 ἑαυτῆς
2928 1085 3148 1152 ταῦτα
3179 1085 3343 1165 διεξ-

724 1187 1046 1270 ερχομένη
1099 1182 1268 1269 »ἐγώ
1315 1177 1356 1270 ἦ
1401 1188 1608 1269 σοφία
1649 1179 2133 1271 κατεσκήνωσα
2176 1178 2451 1270 βουλήν,
2495 1187 2607 1251 καὶ
2638 1187 2889 1271 γνῶσιν
2930 1186 3040 1251 καὶ
3076 1183 3345 1250 ἔννοιαν
3376 1192 3408 1246 2

723 1281 856 1370 ἐγώ
901 1279 1425 1370 ἐπεκαλεσάμην.
1515 1278 1729 1368 φόβος
1787 1289 2025 1370 κυρίου
2070 1299 2249 1370 μισεῖ
2283 1288 2552 1365 κακίαν,
2596 1273 2788 1366 ῦβριν
2831 1306 2903 1350 τε
2946 1287 3059 1348 καὶ
3100 1274 3345 1366 ύπερη-

725 1388 981 1468 φανίαν
1042 1387 1154 1451 καὶ
1217 1375 1418 1462 ὁδοὺς
1473 1388 1830 1471 πονηρῶν·
1902 1385 2179 1469 ἐμίσησα
2236 1386 2309 1451 δὲ
2369 1381 2502 1469 ἐγῶ
2564 1383 3083 1469 διεστραμμένας
3144 1372 3345 1459 ὁδοὺς

721 1486 976 1551 κακῶν.
1063 1478 1185 1568 ἐμὴ
1246 1477 1458 1568 βουλὴ
1517 1488 1632 1550 καὶ
1691 1477 2051 1568 ἀσφάλεια,
2115 1481 2248 1569 ἐγῶ
2310 1477 2597 1563 σύνεσις,
2660 1478 2783 1568 ἐμὴ
2845 1483 2916 1549 δὲ
2977 1475 3173 1566 ἰσχύς.
3258 1473 3341 1546 δι’
3380 1497 3410 1551 3

623 1597 690 1653 10
724 1584 887 1666 ἐμοῦ
927 1588 1217 1662 βασιλεῖς
1259 1577 1750 1666 βασιλεύουσιν,
1803 1587 1916 1650 καὶ
1970 1583 2035 1651 οἱ
2088 1577 2415 1651 δυνάσται
2470 1576 2842 1669 γράφουσιν
2885 1574 3345 1666 δικαιοσύνην·

725 1675 807 1750 δι’
853 1684 1018 1768 ἐμοῦ
1061 1683 1452 1767 μεγιστᾶνες
1503 1677 2027 1766 μεγαλύνονται,
2088 1686 2199 1750 καὶ
2260 1677 2589 1768 τύραννοι
2649 1673 2743 1749 δι’
2805 1682 2967 1767 ἐμοῦ
3026 1682 3347 1766 κρατοῦσι

724 1785 860 1868 γῆς.
933 1779 1067 1866 ἐγώ
1113 1778 1276 1860 τούς
1318 1782 1429 1867 ἐμὲ
1475 1784 1851 1864 φιλοῦντας
1894 1775 2161 1868 ἀγαπῶ,
2206 1782 2273 1850 οἱ
2302 1785 2373 1849 δὲ
2402 1781 2512 1869 ἐμὲ
2544 1783 2905 1867 ζητοῦντες
2934 1773 3346 1866 εύρῆσουσιν.

723 1883 1029 1960 πλοῦτος
1096 1885 1208 1948 καὶ
1263 1873 1426 1964 δόξα
1475 1906 1590 1967 μοι
1631 1874 1943 1966 ύπάρχει,
2008 1885 2119 1950 καὶ
2178 1884 2411 1967 κτῆσις
2452 1883 2741 1950 πολλῶν
2780 1885 2893 1948 καὶ
2934 1874 3346 1966 δικαιοσύνη.

724 1983 1000 2062 βέλτιον
1042 1981 1154 2066 ἐμὲ
1195 1984 1640 2066 καρπίζεσθαι
1681 1974 1852 2066 ύπὲρ
1892 1985 2169 2066 χρυσίον
2210 1986 2323 2047 καὶ
2367 1984 2573 2049 λίθον
2623 1984 2877 2066 τίμιον,
2940 1975 3029 2048 τὰ
3088 1981 3160 2047 δὲ
3222 1977 3344 2063 ἐμὰ
3378 1992 3411 2042 4

625 2094 690 2147 15
725 2073 1069 2166 γενήματα
1095 2086 1380 2166 κρείσσω
1419 2074 1738 2166 ἀργυρίου
1767 2081 2106 2149 ἐκλεκτοῦ.
2178 2081 2253 2149 ἐν
2284 2072 2468 2158 ὁδοῖς
2496 2074 2919 2165 δικαιοσύνης
2958 2081 3343 2164 περιπατῶ,

725 2183 836 2246 καὶ
881 2172 1012 2246 ἀνὰ
1055 2182 1264 2266 μέσον
1308 2170 1495 2248 ὁδῶν
1539 2176 1997 2265 δικαιώματος
2040 2173 2564 2264 ἀναστρέφομαι,
2610 2179 2719 2248 ἵνα
2762 2183 3011 2266 μερίσω
3055 2194 3203 2258 τοῖς
3232 2177 3347 2262 ἐμὲ

727 2270 1084 2364 ἀγαπῶσιν
1141 2267 1459 2365 ὕπαρξιν,
1521 2283 1634 2346 καὶ
1694 2276 1858 2358 τοὺς
1918 2274 2308 2366 θησαυροῦς
2364 2271 2598 2348 αύτῶν
2661 2273 2983 2366 ἐμπλήσω
3044 2270 3351 2363 ἀγαθῶν.

727 2375 846 2446 ἐὰν
908 2371 1288 2464 ἀναγγείλω
1347 2371 1504 2463 ύμῖν
1564 2375 1653 2447 τὰ
1701 2372 1862 2448 καθ’
1917 2372 2170 2466 ἡμέραν
2212 2373 2601 2464 γιγνόμενα,
2661 2371 3105 2464 μνημονεύσω
3150 2373 3235 2444 τὰ
3279 2379 3353 2460 ἐξ

727 2476 980 2557 αἰῶνος
1042 2472 1429 2564 ἀριθμῆσαι.
1513 2472 1743 2562 κύριος
1805 2479 2069 2547 ἔκτισέν
2128 2503 2209 2564 με
2268 2472 2482 2565 ἀρχὴν
2543 2470 2729 2546 ὁδῶν
2784 2470 2999 2544 αύτοῦ
3052 2479 3147 2556 εἰς
3188 2475 3352 2563 ἔργα
3386 2491 3419 2544 5

625 2591 694 2646 20
729 2570 971 2659 αύτοῦ,
1031 2572 1170 2662 πρὸ
1223 2579 1351 2644 τοῦ
1403 2579 1656 2656 αἰῶνος
1699 2577 2151 2664 ἐθεμελίωσέν
2209 2604 2307 2665 με,
2369 2580 2443 2647 ἐν
2488 2571 2655 2664 ἀρχῇ
2697 2571 2835 2661 πρὸ
2879 2578 3008 2645 τοῦ
3048 2572 3177 2662 τὴν
3222 2577 3353 2662 γῆν

729 2679 1032 2761 ποιῆσαι,
1093 2670 1232 2761 πρὸ
1286 2679 1414 2744 τοῦ
1475 2671 1596 2755 τὰς
1659 2668 1983 2759 ἀβύσσους
2042 2680 2347 2764 ποιῆσαι,
2408 2672 2545 2762 πρὸ
2608 2679 2733 2744 τοῦ
2791 2681 3166 2759 προελθεῖν
3227 2671 3352 2755 τὰς

728 2772 950 2863 πηγὰς
993 2780 1143 2845 τῶν
1183 2768 1480 2853 ύδᾶτων,
1523 2770 1658 2860 πρὸ
1691 2777 1816 2844 τοῦ
1847 2766 1971 2863 ὅρη
2004 2775 2432 2865 ἑδρασθῆναι,
2476 2769 2612 2864 πρὸ
2658 2778 2729 2844 δὲ
2756 2769 3049 2845 πάντων
3078 2777 3353 2858 βουνῶν

729 2879 934 2965 γεννᾷ
975 2902 1070 2960 με.
1155 2870 1388 2961 κύριος
1430 2876 1742 2962 ἐποίησεν
1782 2872 2011 2963 χώρας
2052 2884 2165 2945 καὶ
2208 2872 2574 2965 ἀοικήτους
2612 2879 2726 2943 καὶ
2770 2871 2944 2961 ἄκρα
2990 2871 3353 2961 οἰκούμενα

731 2978 853 3061 τῆς
879 2968 992 3043 ὕπ’
1039 2968 1372 3061 οὐρανῶν.
1437 2977 1446 3057 Ι
1512 2969 1713 3099 {vina
1740 2968 2107 3063 ἧτοίμαζεν
2136 2971 2265 3047 τὸν
2300 2969 2616 3063 ούρανόν,
2662 2969 3109 3063 συμπαρήμην
3138 2968 3351 3061 αύτῷ,
3393 2987 3505 3044 149

627 3088 694 3143 25
731 3068 930 3161 ἡνίκα
971 3067 1318 3161 ἀφώριζεν
1361 3069 1492 3143 τὸν
1535 3072 1782 3143 εαυτοῦ
1825 3069 2094 3160 θρόνον
2134 3070 2237 3145 ἐπ’
2286 3070 2575 3164 ἀνέμων.
2647 3068 2848 3161 ἡνίκα
2876 3072 3109 3160 ἰσχυρὰ
3137 3043 3357 3143 ἐποίει

730 3168 816 3241 τὰ
861 3169 1008 3242 ἄνω
1053 3178 1252 3260 νέφη,
1297 3179 1410 3242 καὶ
1455 3168 1550 3253 ῶς
1596 3168 1919 3259 ἀσφαλεῖς
1963 3176 2182 3243 ἐτίθει
2224 3173 2443 3263 πηγὰς
2510 3172 2633 3255 τὰς
2682 3167 2797 3241 υπ’
2852 3166 3176 3257 ούρανόν,
3236 3179 3357 3242 καὶ

728 3268 960 3358 ἰσχυρὰ
1005 3274 1216 3341 ἐποίει
1259 3269 1346 3341 τὰ
1391 3276 1672 3360 θεμέλια
1715 3276 1842 3359 τῆς
1886 3276 2034 3360 γῆς,
2079 3298 2259 3360 ημην
2302 3268 2459 3362 παρ’
2504 3268 2694 3361 αύτῷ
2742 3267 3152 3361 ἁρμόζουσα·
3213 3271 3354 3358 ἐγώ

726 3365 906 3458 ἥμην
949 3398 990 3457 ῃ
1035 3374 1475 3458 προσέχαιρεν
1516 3366 1676 3442 καθ’
1722 3366 1998 3497 ημέραν·
2044 3367 2517 3463 ηὐφραινόμην
2546 3378 2619 3443 δὲ
2647 3344 2721 3443 ἐν
2750 3369 3105 3458 προσώπῳ
3136 3365 3357 3441 αύτοῦ

729 3472 803 3539 ἐν
846 3475 1054 3537 παντὶ
1114 3474 1356 3557 καιρῷ·
1433 3496 1551 3539 οτε
1612 3465 2027 3557 ηὐφραίνετο
2091 3470 2220 3560 τὴν
2280 3477 2684 3560 οἰκουμένην
2746 3476 3175 3553 συντελέσας,
3236 3476 3355 3541 καὶ

628 3584 696 3638 30
730 3563 1147 3655 ηύφραίνετο
1191 3562 1296 3655 ἐφ’
1341 3571 1511 3651 υἱοῖς
1555 3564 2016 3656 ἀνθρώπωνι.

893 3673 934 3739 2
980 3672 1194 3736 ταῦτα
1235 3672 1359 3754 μὲν
1401 3671 1477 3737 ἐν
1505 3673 1902 3756 Παροιμίαις
1948 3675 2104 3758 περὶ
2156 3670 2403 3758 ἑαυτῆς
2448 3666 2489 3759 ἦ
2534 3678 2757 3757 σοφία.
2844 3666 2973 3741 ὅλα
3017 3663 3074 3737 δ’
3120 3672 3359 3759 ἐπίτη-
3430 3670 3578 3735 οπως
3611 3668 3657 3722 “3

730 3771 838 3849 δες
903 3762 1287 3854 ἀναγκαίως
1345 3771 1768 3855 παρεθέμην,
1831 3769 2096 3851 δεικνὺς
2156 3798 2253 3851 ως
2314 3770 2387 3841 ἓν
2446 3774 2631 3841 ἐστιι
2690 3775 2802 3843 76¹·
2841 3763 3223 3857 πρόσωπον
3268 3766 3357 3839 τὸ
3398 3756 3673 3871 ἔπῶξζοῇα

731 3872 949 3937 ταῦτα
995 3871 1211 3951 λέγον,
1258 3859 1570 3955 οὐδεμιᾶς
1611 3868 1686 3935 ἐν
1723 3873 1826 3956 τῷ
1870 3866 2123 3956 μεταξὺ
2167 3875 2529 3958 γενομένης
2556 3874 2937 3959 μεταβολῆς
2967 3874 3095 3939 τοῦ
3124 3872 3359 3957 λέγον-
3473 3873 3575 3945 11⁰7
3579 3876 3649 3957 ι’

731 3993 850 4046 τος
862 3969 1262 4035 ·δείκνυται
1306 3971 1547 4034 τοίνυν
1590 3961 1632 4054 ἦ
1677 3938 1885 4052 σοφία
1930 3974 2148 4038 ταῦτα
2188 3978 2344 4056 περὶ
2390 3970 2635 4058 ἑαυτῆς
2688 3966 3107 4040 διδάσκουσα.
3194 3960 3358 4037 κάν·
3420 3928 3573 4068 ὁτΐζζν
3591 3937 3672 4063 3έῖ

627 4081 696 4135 35
729 4069 957 4135 ταῦθα
1001 4069 1074 4133 δὲ
1101 4069 1393 4151 πρῶτον
1421 4066 1875 4152 ἐπιτηρητέον
1906 4096 2002 4148 ως
2030 4063 2400 4152 ἀπολύτως
2428 4076 2636 4155 σοφία
2668 4064 3086 4157 ὠνόμασται·
3137 4068 3350 4157 »grob«
3396 4074 3671 4215 &mmm

899 4232 1086 4288 7—30
1121 4232 1282 4287 Prov.
1318 4234 1367 4298 8,
1406 4234 1606 4287 12-31
1641 4262 1709 4272 —
1745 4234 1945 4291 828ss
1980 4236 2141 4293 Prov.
2175 4240 2225 4308 8,
2261 4239 2428 4294 22-
2464 4238 2541 4295 85
2576 4238 2737 4293 Prov.
2772 4238 2821 4301 8,
2858 4238 2924 4291 12
3394 4222 3671 4367 ’ἒξῗέιζὲ

903 4383 934 4438 1
975 4373 1061 4437 ὧν
1083 4378 1500 4452 ἐλήλεγκταιΥ,
1539 4400 1674 4439 corr.
1710 4385 1803 4439 Mo
1868 4388 1878 4453 Ι
1942 4388 1981 4443 9
2018 4384 2135 4458 ἐγὼ
2166 4388 2435 4444 V*1,XX
2470 4390 2536 4445 23
2574 4385 2679 4457 ἐμὴ
2718 4388 2795 4441 Va
2828 4388 2976 4441 LXX
3040 4390 3048 4455 Ι
3114 4385 3358 4457 συνεσις]
3440 4346 3670 4485 Μῖῑᾏὲἒλ

730 4484 1004 4559 φρόνησις
1056 4485 1202 4538 LXX
1267 4486 1277 4551 Ι
1346 4484 1420 4539 12
1475 4480 1824 4556 εὑρήσουσιν]
1869 4495 1934 4552 -1-
1964 4486 2136 4561 χάριν
2180 4491 2272 4545 fib.
2310 4490 2363 4543 d.
2400 4492 2453 4545 Z.
2491 4491 2567 4544 V2
2630 4492 2641 4558 Ι
2707 4490 2783 4545 18
2816 4490 3045 4559 κτήσεις
3078 4489 3179 4552 W,
3214 4504 3357 4543 ool-t.
3396 4490 3501 4550 λος
3518 4470 3669 4549 ἐπὶιῆ

730 4587 808 4640 V²
872 4589 880 4655 Ι
945 4586 1024 4642 24
1079 4583 1340 4658 οὖθανων
1393 4585 1495 4649 V*
1551 4602 1685 4641 corr·
1724 4587 1800 4641 V²
1863 4591 1871 4656 Ι
1938 4590 2018 4646 26
2070 4591 2174 4658 τὰς
2226 4592 2276 4645 v
2337 4592 2483 4647 Lxx
2526 4593 2627 4648 106
2678 4596 2781 4660 τῆς
2822 4590 2971 4645 Lxx
3034 4592 3043 4659 1
3108 4590 3185 4645 ει
3231 4590 3363 4645 hier
3398 4540 3669 4703 ⁶355}ss

729 4705 776 4743 a.
813 4688 878 4744 R.
913 4680 968 4742 α’
1005 4688 1056 4741 V
1109 4687 1118 4755 1
1185 4686 1328 4742 8812
1362 4684 1432 4741 τὰ
1471 4684 1612 4743 αὐτὰ
1650 4688 1700 4743 S.
1739 4690 1853 4757 137,
1890 4694 1922 4747 5
1956 4700 2135 4748 ταῦτα
2172 4692 2223 4745 Υ
3430 4693 3591 4758 μετῆ
3591 4702 3668 4743 εν
