3694 5582
1404 489 1596 542 contra
1629 484 1954 543 Marcellum
1989 487 2041 539 II
2076 486 2123 540 2.
2991 489 3069 552 39

582 655 704 720 τοῦ
745 643 1144 738 πέμψαντός
1183 677 1264 738 με
1305 644 1656 737 πατρόςε),
1703 646 2137 738 ἀφαιρεῖσθαι
2187 647 2311 719 τὸν
2354 654 2617 734 πατέρα
2648 645 2733 718 τὰ
2776 650 2913 717 ἰ’δια
2940 651 3070 717 τοῦ

575 747 817 833 παιδὸς
861 755 1212 821 δείκνυσιν.
1299 744 1582 837 ἑκάτερα
1623 756 1696 821 δὲ
1739 749 1914 822 κατὰ
1960 747 2089 837 τὴν
2116 745 2451 835 Ἀστερίου
2494 750 2713 836 οἴησιν
2758 743 2883 818 ούκ
2911 741 3065 817 οἷκο-

576 846 849 930 λούθως
909 853 1219 938 εἰρημένα
1279 857 1610 933 φαίνεται.
1695 853 1825 920 ἔδει
1886 848 2012 937 γὰρ
2073 847 2199 921 τὸν
2260 853 2770 936 συμφωνοῦντα
2828 844 2919 934 μὴ
2980 843 3064 915 τὰ
3100 851 3167 904 22

575 951 742 1035 (τῷ)
805 949 1016 1037 ἑτέρῳ
1078 945 1433 1035 προσόντα
1493 955 1985 1037 παρασπᾶσθαι
2056 953 2307 1031 δίκαια,
2379 943 2869 1018 πλεονεκτικὸν
2938 943 3065 1034 γὰρ

375 1063 410 1115 5
575 1044 784 1117 τοῦτό
831 1073 922 1133 γε,
968 1041 1144 1118 ἀλλὰ
1187 1045 1274 1117 τὰ
1320 1049 1618 1138 ἑκατέρῳ
1663 1045 2017 1137 προσόντα
2058 1046 2257 1119 κοινὰ
2302 1049 2472 1117 εἶναι
2502 1053 2815 1134 νομίζειν.
2888 1042 3065 1116 ὥστε

574 1137 745 1216 όταν
787 1153 910 1234 μὲν
957 1149 1048 1228 εἰς
1091 1145 1221 1236 τὴν
1274 1143 1730 1238 ἀνθρωπίνην
1792 1145 2291 1238 ἆποβλέπωμεν
2352 1143 2591 1236 σάρκα,
2656 1141 2777 1234 οὐχ
2834 1143 3064 1230 ὥσπερ

568 1241 898 1331 Ἀστέριος
941 1251 1300 1335 γέγραφεν,
1345 1241 1572 1329 οὕτως
1590 1245 1987 1370 εὑρήσομεν
2040 1243 2353 1336 εἰρηκότα
2395 1245 2521 1317 τὸν
2566 1252 2845 1335 σωτῆρα
2894 1245 3062 1332 »ἐγώ

569 1353 680 1415 καὶ
725 1341 764 1416 6
808 1344 1040 1435 πατὴρ
1081 1347 1154 1416 ἓν
1197 1350 1462 1435 ὲσμενι,
1525 1343 1610 1416 ού
1652 1347 1778 1436 γὰρ
1832 1346 1958 1419 διὰ
1968 1345 2155 1470 ςτὴν
2198 1351 2282 1418 ἐν
2326 1340 2621 1418 ἅπασιν
2664 1345 2935 1434 λόγοις
2978 1372 3063 1415 τε

574 1451 702 1514 καὶ
744 1448 1004 1534 ἔργοις
1046 1441 1336 1534 ακριβῆ
1377 1454 1881 1535 συμφωνίαν,
1931 1475 2027 1528 ως
2068 1443 2277 1528 αὐτὸς
2320 1452 2667 1533 γέγραφεν,
2710 1439 2751 1516 6
2794 1443 3064 1531 σωτὴρ

334 1555 404 1608 10
571 1547 882 1633 εἴρηκεν
929 1547 1127 1634 »ἐγώ
1172 1553 1300 1616 καὶ
1345 1539 1388 1616 6
1429 1545 1692 1636 πατὴρ
1739 1548 1820 1618 ἕν
1864 1550 2156 1632 ὲσμενι.
2244 1549 2299 1616 εἰ
2340 1545 2469 1634 γὰρ
2514 1540 2703 1618 τοῦτ’
2740 1535 2847 1634 ἦν,
2890 1541 3061 1616 πάν-
3095 1559 3163 1614 23

570 1671 709 1724 τως
754 1672 838 1714 αν
883 1648 1036 1732 ἔφη·
1081 1645 1217 1732 ἐγώ
1260 1653 1374 1715 καὶ
1418 1640 1456 1716 6
1501 1645 1730 1735 πατὴρ
1775 1649 1849 1718 ἐν
1894 1639 2146 1718 ἅπασιν
2188 1643 2362 1732 πρὸς
2402 1641 2742 1734 ἀλλήλους
2784 1667 3061 1732 συμφω-

571 1749 831 1831 νοῦμεν.
919 1749 1070 1814 νυνὶ
1115 1749 1187 1814 δὲ
1233 1746 1404 1832 »ἐγώ
1447 1752 1558 1814 καὶ
1602 1741 1642 1816 6
1687 1745 1914 1835 πατὴρ
1970 1745 2043 1814 ἓν
2083 1750 2312 1834 ἐσμενι
2365 1749 2508 1834 ἔφη.
2594 1741 2847 1816 ούκοῦν
2887 1749 2945 1814 εἰ
2988 1747 3061 1813 ἐν

569 1846 851 1926 ἐκείνοις
891 1838 1294 1932 ἀσυμφωνία
1339 1873 1446 1926 τις
1487 1835 1595 1932 ἧν,
1641 1840 1903 1934 ἀνάγκη
1956 1849 2029 1916 δὲ
2091 1845 2217 1916 τὸν
2276 1843 2617 1934 δεσπότην
2676 1840 3057 1930 ἀληθεύειν,

565 1941 696 2014 τὸν
739 1950 1018 2032 σωτῆρα
1060 1940 1354 2032 ἀκριβῶς
1398 1947 1643 2016 εἰδέναι
1685 1940 2029 2034 προσήκει,
2075 1936 2185 2015 ὅτι
2231 1941 2429 2033 ἡνίκα
2475 1941 2559 2015 ἂν
2596 1953 2605 2028 Ι
2649 1945 2819 2033 »ἐγώ
2862 1951 2974 2014 καὶ
3019 1938 3057 2015 6
3095 1963 3173 2020 8⁹

331 2053 398 2106 15
561 2042 789 2132 πατὴρ
836 2044 908 2113 ἓν
950 2048 1180 2133 ἐσμεν(
1231 2051 1409 2133 λε’γῃ,
1457 2050 1838 2132 τηνικαῦτα
1882 2041 2007 2116 οὐκ
2038 2047 2129 2126 εἰς
2170 2041 2301 2115 τὸν
2347 2042 2731 2130 ἄνθρωπον
2776 2038 2858 2114 ὃν
2890 2041 3058 2115 ἀνεί-

562 2152 780 2230 ληφεν
825 2137 1240 2229 ἀποβλέπων
1283 2140 1494 2216 τοῦτό
1541 2167 1766 2232 φησιν,
1813 2140 1960 2215 ἀλλ’
2008 2150 2099 2226 εἰς
2124 2145 2253 2215 τὸν
2298 2147 2373 2216 ἐκ
2418 2149 2545 2215 τοῦ
2588 2142 2850 2231 πατρὸς
2891 2171 3053 2230 προ-

561 2238 866 2312 ελθόντα
910 2238 1134 2333 λόγον.
1221 2247 1277 2313 εἰ
1295 2241 1444 2364 ,γάρ
1487 2273 1593 2326 τις
1635 2240 2042 2334 ἀσυμφωνία
2102 2245 2274 2314 εἶναι
2335 2250 2599 2332 δοκοίη,
2664 2237 2835 2330 αὕτη
2896 2239 3053 2314 ἄνα·
3088 2259 3157 2313 24

559 2347 888 2432 φέρεσθαι
933 2345 1026 2426 εἰς
1069 2340 1198 2432 τὴν
1242 2349 1364 2432 τῆς
1407 2342 1653 2432 σαρκὸς
1701 2339 2065 2414 ἀσθένειαν
2108 2338 2391 2428 ὀφείλει,
2449 2339 2535 2430 ἣν
2576 2342 2667 2432 μὴ
2711 2339 3053 2431 πρότερον

561 2444 738 2529 ἔχων
781 2440 1149 2532 ἀνείληφεν
1193 2437 1232 2514 6
1265 2439 1482 2532 λόγος.
1557 2449 1613 2514 εἰ
1657 2449 1726 2514 δὲ
1767 2445 1933 2516 42'‘
1911 2438 2148 2532 ενότης
2192 2447 2481 2532 λέγοιτο,
2528 2471 2699 2532 αυτη
2728 2449 2831 2532 τῷ
2863 2439 3049 2531 λόγῳ

324 2547 398 2602 20
561 2545 972 2631 διαφέρουσα
1017 2550 1346 2630 φαίνεται.
1431 2537 1599 2614 ὅθεν
1661 2539 1744 2614 ού
1802 2539 2023 2633 μόνον
2082 2539 2163 2612 τὸ
2231 2544 2400 2631 »ἐγω
2452 2549 2563 2612 καὶ
2616 2536 2655 2612 6
2706 2540 2935 2632 πατὴρ
2978 2541 3052 2612 ἕν
3085 2561 3153 2616 25

562 2644 792 2731 ἐσμεν(
845 2639 1130 2724 εἰκότως
1173 2645 1330 2731 ἔφη,
1393 2639 1568 2714 ἀλλὰ
1609 2640 1908 2714 κάκεῖνο·
1986 2639 2335 2732 »τοσούτῳ
2387 2639 2614 2732 χρόνῳ
2664 2638 2816 2732 μεθ’
2858 2639 3053 2730 ὑμῶν

561 2747 708 2831 εἰμί,
759 2749 1074 2829 Φίλιππε,
1127 2747 1239 2815 καὶ
1286 2749 1521 2832 λέγεις·
1593 2738 1818 2829 δεῖξόν
1858 2770 1972 2832 μοι
2018 2741 2142 2814 τὸν
2184 2747 2503 2830 πατέρας,
2560 2747 2773 2832 δῆλον
2816 2735 2928 2814 ὅτι
2971 2737 3054 2814 ού

562 2842 840 2924 τούτοις
883 2860 1030 2925 τοῖς
1074 2837 1477 2931 ὀφθαλμοῖς,
1525 2840 1698 2915 ἀλλὰ
1744 2861 1891 2924 τοῖς
1934 2861 2209 2930 νοητοῖς
2254 2843 2339 2914 τὰ
2384 2842 2597 2931 νοητὰ
2642 2838 2815 2931 ὁρᾶν
2850 2849 3049 2914 δυνα-

557 2948 804 3029 μένοις.
889 2938 1182 3031 ἀόρατος
1226 2942 1353 3031 γὰρ
1399 2960 1545 3026 τοῖς
1589 2948 1712 3032 τῆς
1758 2941 2003 3063 σαρκός
2048 2936 2335 3031 ὄμμασιν
2380 2937 2437 3013 6
2466 2971 2539 3013 τε
2583 2942 2811 3031 πατὴρ
2840 2940 3049 3031 ύπᾶρ-

319 3052 395 3107 25
556 3069 656 3128 χει
698 3049 810 3111 καὶ
856 3036 894 3112 6
941 3039 1197 3113 τούτου
1240 3038 1458 3130 λόγος.
1545 3038 1626 3114 οὔ
1687 3042 1814 3114 διὰ
1878 3041 2023 3131 τὴν
2084 3046 2171 3111 ἐν
2225 3034 2519 3113 ἅπασιν
2566 3034 2689 3113 οὖν
2732 3066 3045 3131 συμφω-

561 3146 743 3209 νίαν
786 3137 976 3211 τοῦτ’
1024 3144 1151 3230 ἔφη
1195 3140 1370 3230 πρὸς
1417 3148 1784 3214 Φίλιππον.

429 3244 734 3310 τοσαῦτα
778 3239 1009 3323 εἰπών,
1055 3242 1512 3324 ἐπαναλαβών
1555 3245 1628 3326 ἐξ
1668 3238 1971 3331 ύπαρχῆς
2016 3240 2142 3313 τὸν
2188 3237 2395 3330 λόγον
2435 3248 2691 3315 τοῦτον
2736 3246 3044 3330 δογματί-
3080 3265 3147 3320 26

429 3347 526 3423 ζει
573 3338 700 3410 τὸν
741 3337 1006 3428 τρόπον

555 3442 689 3524 (Nr.
722 3447 828 3525 92)
871 3437 1008 3528 πρὸ
1051 3439 1178 3528 γὰρ
1210 3445 1332 3529 τῆς
1363 3446 1796 3531 δημιουργίας
1824 3437 2089 3531 ἁπάσης
2132 3438 2366 3530 ἡσυχία
2412 3470 2517 3522 τις
2560 3433 2663 3529 ἦν,
2710 3437 2807 3523 ως
2845 3438 3040 3521 εἰκός,

313 3548 392 3602 30
553 3530 760 3621 ὄντος
803 3543 876 3609 ἐν
919 3546 1022 3630 τῷ
1069 3546 1214 3630 θεῷ
1259 3546 1388 3613 τοῦ
1433 3536 1660 3629 λόγου.
1732 3546 1790 3611 εἰ
1832 3540 1956 3630 γὰρ
2000 3540 2296 3630 ποιητὴν
2340 3536 2675 3612 ἁπάντων
2718 3538 2844 3612 τὸν
2874 3538 3043 3609 θεὸν

189 3664 316 3743 ‚73
424 3632 636 3797 2‘256
633 3633 965 3725 Ἀστέριος
1007 3646 1456 3809 σὲτεπίσὶτευκεν
1498 3642 1696 3723 εἶναι,
1752 3638 2029 3810 δηλον
2010 3637 2119 3711 ότι
2163 3638 2718 3829 σιὲνομζλιέγὴσει
2732 3637 2889 3729 ἡμῖν
2928 3648 3040 3810 {az

553 3733 758 3820 αὐτὸς
803 3735 932 3808 τὸν
970 3767 1016 3827 μ
1054 3768 1092 3810 ν
1138 3766 1214 3811 αε
1283 3767 1636 3828 υπαρχειν,
1697 3767 1786 3829 μη
1834 3768 2153 3812 επωποτε
2251 3769 2377 3813 του
2454 3768 2483 3810 ε
2516 3768 2623 3811 ναι
2676 3735 2889 3828 ἀρχὴν
2972 3768 3037 3808 α-

550 3832 780 3922 βόντα,
830 3834 916 3909 τὰ
961 3843 1030 3909 δὲ
1075 3844 1480 3928 γεγενῆσθαί
1524 3868 1597 3911 τε
1637 3835 1749 3909 ὑπ’
1791 3837 2006 3911 αὐτοῦ
2048 3848 2159 3910 καὶ
2203 3846 2273 3927 ἐξ
2316 3837 2441 3911 ούκ
2485 3833 2719 3913 ὄντων
2779 3846 3036 3930 γεγενῆ-

549 3946 726 4007 σθαι.
812 3932 898 4008 ού
940 3936 1064 4026 γὰρ
1108 3940 1290 4027 οἶμαι
1333 3946 1446 4010 καὶ
1501 3944 1710 4010 τοῦτο
1755 3937 2095 4010 πιστεύειν
2140 3936 2355 4012 αύτὸν
2398 3946 2499 4029 τῷ
2556 3946 2821 4028 λέγοντι
2865 3941 3038 4011 εἶναί

307 4044 384 4099 35
547 4063 704 4105 τινα
747 4042 858 4105 καὶ
904 4032 1209 4127 ἇγένητα,
1257 4035 1430 4109 ἀλλὰ
1477 4034 1771 4127 ἀκριβῶς
1813 4050 2175 4109 πεπεῖσθαι
2222 4034 2331 4111 ὅτι
2362 4036 2651 4127 οὐρανός
2695 4068 2769 4110 τε
2812 4048 2923 4111 καὶ
2953 4046 3037 4130 γῆ

549 4142 660 4204 καὶ
701 4132 931 4206 πάντα
977 4136 1062 4206 τὰ
1107 4141 1184 4207 ἐν
1226 4133 1539 4226 οὐρανοῖς
1581 4145 1692 4209 καὶ
1738 4141 1847 4209 ἐπὶ
1892 4144 2011 4227 γῆς
2055 4132 2227 4210 ὄντα
2277 4136 2411 4211 ὕπὸ
2458 4146 2625 4211 θεοῦ
2667 4146 3035 4228 γεγένηται.

587 4304 627 4361 8
662 4304 784 4360 Joh.
826 4307 905 4374 10,
941 4308 1010 4362 30
1045 4338 1112 4346 —-
1149 4308 1226 4363 10
1263 4308 1384 4363 Joh.
1425 4310 1505 4375 10,
1541 4308 1610 4363 30
1643 4336 1712 4347 -
1752 4308 1824 4364 12
1864 4308 1985 4363 Joh.
2026 4310 2105 4376 10,
2150 4312 2215 4364 30
2250 4338 2317 4349 --
2354 4310 2430 4364 14
2468 4310 2589 4365 Joh.
2630 4313 2711 4373 10,
2746 4310 2815 4365 30
2850 4340 2914 4351 -—
2953 4312 3031 4365 20

413 4406 540 4463 Joh.
579 4408 660 4475 10,
693 4408 764 4462 30
797 4438 866 4447 -
901 4408 976 4465 21
1016 4408 1140 4464 Joh.
1179 4412 1259 4476 14,
1295 4410 1328 4465 9

584 4558 623 4613 4
645 4564 724 4629 τῷ
742 4556 848 4613 We
877 4561 886 4627 1
919 4559 996 4615 12
1017 4555 1190 4628 ἐσμεν
1208 4554 1314 4629 ἔφη
1335 4577 1382 4613 a.
1404 4560 1466 4615 R.
1487 4560 1562 4613 V¹
1593 4561 1602 4627 Ι
1633 4557 1840 4615 οὐκοῦν
1859 4558 1915 4617 εἰ
1928 4562 1985 4615 in
2004 4562 2127 4615 Rae.
2150 4562 2225 4614 V¹
2254 4562 2263 4629 l
2298 4561 2371 4616 15
2394 4555 2463 4629 ,ἓν
2483 4562 2557 4615 V¹
2574 4562 2665 4616 ab.
2686 4562 2737 4617 d.
2756 4564 2809 4615 Z.
2842 4565 2851 4629 Ι
2880 4560 3029 4632 λέγει

409 4658 462 4713 ‘V
493 4660 506 4726 Ι
534 4659 610 4714 22
632 4658 870 4731 πατέρα]
893 4666 957 4725 -ff-
977 4656 1010 4715 6
1035 4655 1308 4732 ἑωρακὼς
1341 4658 1444 4730 ἐμὲ
1480 4656 1702 4733 ἑώρακε
1739 4661 1959 4731 πατέρα
1982 4680 2025 4729 r,
2046 4662 2195 4718 wohl
2212 4662 2315 4715 mit
2330 4660 2509 4717 Recht
2537 4664 2547 4730 1
2578 4664 2654 4718 32
2679 4667 2783 4721 τοῦ
2806 4664 2930 4718 and.
2952 4666 3025 4718 St.
