3694 5582
703 512 732 570 1
747 510 820 571 1ss
1869 496 2136 552 Eusebius

699 670 936 754 μένου;
980 659 1062 734 οῦ
1103 661 1232 752 γὰρ
1273 658 1389 733 υπ’
1435 657 1649 733 αὐτοῦ
1693 683 1901 749 φησιν
1946 656 2098 732 οὐδ’
2141 663 2211 748 ἐξ
2244 657 2458 734 αὐτοῦ
2488 659 2574 731 τὰ
2620 656 2853 732 πάντα
2898 661 3314 747 γεγενῆσθαι,

699 758 875 834 ἀλλὰ
925 758 1055 832 »δι’
1103 759 1374 834 adrev«.
1419 757 1461 849 ἡ
1505 766 1578 832 δὲ
1623 759 1730 830 διὰ
1765 755 2093 848 πρόθεσις
2138 759 2221 834 τὸ
2266 756 2684 850 Ιιῖπηρετικὸν
2728 763 3059 849 σημαίνει,
3122 785 3219 838 ως
3278 749 3315 824 6

697 860 904 946 αὐτὸς
947 867 1058 935 68*
1101 857 1572 951 εὖαγγελιστης
1614 860 1886 950 προτών
1930 861 2081 948 ἑξῆς
2123 868 2527 951 παρίστησιν
2572 867 2794 950 λέγων
2841 854 2917 931 »6
2964 853 3172 943 νόμος
3210 853 3318 924 διὰ

699 967 1005 1044 Μωσέως
1049 959 1285 1051 ἐδόθη,
1344 957 1385 1049 ἦ
1427 957 1616 1048 χάρις
1657 965 1768 1031 καὶ
1813 954 1856 1047 ἦ
1900 953 2187 1047 ἀλήθεια
2232 959 2342 1032 διὰ
2383 955 2596 1050 Ιησοῦ
2640 965 2941 1050 Χριστοῦ
2984 961 3285 1081 ἐγένετοι
3308 977 3321 992 ·

598 1077 630 1130 5
700 1058 798 1144 ὥς
841 1060 969 1150 γὰρ
1013 1056 1052 1132 6
1107 1057 1316 1148 νόμος
1360 1057 1486 1133 οὐκ
1545 1050 1650 1131 ὢν
1695 1055 2146 1146 ἀνθρώπινος
2188 1053 2338 1131 οὔδ’
2392 1057 2609 1132 αυτοῦ
2652 1066 2956 1142 Μωσέως
2996 1054 3319 1144 υπὰρχων

699 1157 849 1234 ἀλλ’
911 1165 986 1234 ἐκ
1037 1167 1164 1232 τοῦ
1215 1166 1389 1232 θεοῦ
1432 1165 1682 1229 Μωσέα
1734 1154 2062 1229 διάκονον
2119 1165 2232 1229 καὶ
2292 1155 2643 1250 υπηρέτην
2702 1156 3137 1248 ἐπεγράψατο
3199 1161 3320 1246 τῆς

701 1267 795 1344 εἰς
837 1257 1256 1349 ἀνθρώπους
1298 1256 1656 1342 ἐκδόσεως,
1717 1265 1831 1328 καὶ
1886 1257 1995 1329 διὰ
2039 1253 2229 1329 τοῦτ’
2273 1262 2536 1347 εἴρηται
2593 1255 2669 1331 »6
2734 1257 2941 1349 νόμος
3000 1257 3111 1328 διὰ
3157 1265 3318 1326 Μω-

701 1367 874 1444 σέως
917 1355 1200 1448 eddon«,
1255 1351 1482 1440 οὕτως
1531 1363 1647 1428 καὶ
1705 1353 1784 1446 »ἦ
1825 1355 2014 1446 χάρις
2058 1357 2167 1428 διὰ
2211 1353 2419 1446 Ἰησοῦ
2462 1365 2764 1448 Χριστοῦ
2806 1365 3145 1447 ἐγένετοι,
3192 1363 3319 1429 τοῦ

701 1457 963 1547 πατρὸς
1031 1455 1250 1548 αὐτὴν
1319 1455 1430 1529 διὰ
1499 1463 1625 1528 τοῦ
1695 1465 1998 1547 Χριστοῦ
2067 1455 2687 1548 κατεργασαμένου.
2784 1457 3115 1540 ὦσαύτως
3194 1448 3319 1530 οὖν
3354 1455 3417 1509 10

601 1574 668 1628 10
703 1565 964 1684 εἴρηται
1005 1566 1119 1630 καὶ
1159 1556 1242 1628 τὸ
1292 1551 1559 1628 »πάντα
1602 1553 1692 1628 δι’
1739 1554 1955 1628 αὐτοῦ
1990 1561 2329 1647 ἐγένετοι,
2392 1560 2633 1648 ετέρου
2676 1564 2797 1648 μὲν
2842 1555 3319 1680 πεποιηκότος,
3400 1567 3406 1572 ’

703 1657 916 1732 αὐτοῦ
974 1664 1048 1729 δὲ
1109 1662 1710 1746 διακονησαμένου·
1786 1651 1971 1727 ὥσθ’
2044 1659 2280 1778 ἕτερον
2342 1668 2566 1748 ζητεῖν
2626 1659 2754 1730 τὸν
2814 1657 3115 1781 ποιητὴν
3161 1685 3363 1756 3⁰92-

707 1753 896 1831 όλων
955 1756 1082 1828 τὸν
1142 1755 1253 1826 διὰ
1313 1762 1440 1828 τοῦ
1496 1762 2045 1846 θεολογουμένου
2104 1757 2192 1829 τὰ
2252 1755 2486 1830 πάντα
2543 1755 3125 1848 υποστησᾶμενον.
3206 1764 3319 1827 καὶ

707 1865 810 1940 τίς
853 1851 937 1928 ἂν
981 1862 1253 1944 γένοιτο
1299 1847 1535 1940 οῦτος,·
1593 1852 1740 1927 ἀλλ’
1787 1884 1914 1927 ουκ
1968 1852 2053 1926 ἂν
2096 1859 2235 1944 ἔχοι
2278 1863 2505 1930 εἰπεῖν.
2594 1887 2697 1930 ων
2740 1853 2969 1942 οῦτως
3012 1855 3321 1946 ἐχόντων
3356 1869 3416 1921 11

706 1952 1063 2046 ὁμολογεῖν
1108 1951 1370 2044 ἀνάγκη
1415 1954 1544 2026 τὸν
1587 1954 2135 2045 θεολογούμενον
2184 1953 2320 2027 υπὸ
2366 1965 2492 2028 τοῦ
2537 1955 3009 2048 εὐαγγελιστοῦ
3056 1955 3147 2047 μὴ
3192 1956 3324 2028 τὸν

609 2077 671 2130 15
706 2063 815 2129 ἐπὶ
856 2052 1150 2128 πάντων
1193 2056 1368 2126 εἶναι
1410 2052 1582 2126 θεὸν
1622 2051 1782 2144 μηδ
1827 2052 2044 2126 αὐτὸν
2089 2054 2216 2126 τὸν
2257 2063 2550 2146 πατέρα,
2614 2058 2743 2130 τὸν
2788 2065 2861 2130 δὲ
2904 2057 3159 2131 τούτου
3204 2085 3323 2146 μο-

709 2162 954 2245 νογενῆ
983 2151 1154 2237 vich,
1193 2151 1276 2225 οῦ
1304 2152 1768 2243 συμβεβηκότα
1799 2162 1901 2243 τῷ
1932 2163 2143 2242 πατρὶ
2171 2151 2325 2226 οὐδ’
2352 2185 2451 2239 ως
2481 2161 2556 2229 ἐν
2583 2155 3006 2249 ὑποκειμένῳ
3038 2161 3111 2229 ἐν
3132 2154 3323 2245 αυτῷ

709 2249 890 2377 ὄντα(
911 2251 1066 2325 ουδὲ
1098 2256 1170 2325 ἓν
1211 2259 1324 2324 καὶ
1363 2250 1623 2326 ταυτὸν
1667 2260 1768 2343 τῷ
1814 2261 1961 2344 θεῷ
2010 2247 2199 2338 ὄντα,
2242 2254 2392 2327 υἱὸν
2435 2262 2507 2327 δε
2550 2253 2836 2346 ἀληθῶς
2864 2252 3054 2342 ὄντα,
3097 2264 3327 2344 ζῶντα

707 2362 817 2426 καὶ
847 2351 1235 2442 ὑφεστῶτα,
1267 2357 1342 2425 ἐν
1371 2351 1539 2443 ἀρχῇ
1570 2381 1644 2423 τε
1676 2347 1849 2424 ὄντα
1891 2361 2002 2424 καὶ
2032 2353 2205 2442 πρὸς
2236 2352 2363 2426 τὸν
2392 2355 2563 2428 θεὸν
2594 2350 2766 2429 ὄντα
2792 2365 2901 2428 καὶ
2930 2356 3103 2430 θεὸν
3133 2350 3325 2439 ὅντα,

709 2451 794 2526 δι’
817 2445 896 2527 οῦ
925 2453 1012 2526 τὰ
1041 2450 1269 2524 πάντα
1301 2457 1704 2542 δημιουργεῖ·
1737 2483 1834 2536 ως
1864 2449 2097 2540 ὀρθῶς
2126 2453 2214 2525 α”ν
2243 2483 2399 2525 τινα
2428 2458 2538 2525 ἐπὶ
2568 2455 2651 2527 τὸ
2684 2465 3103 2546 σαφέστερον
3125 2484 3325 2544 μετα-
3357 2465 3423 2519 12

609 2572 677 2626 20
713 2550 1014 2638 λαβόντα
1059 2551 1272 2641 φάναι
1317 2547 1470 2622 ἀντὶ
1515 2557 1642 2622 τοῦ
1713 2556 1823 2624 »ἐν
1834 2548 2055 2672 ἄρχη
2122 2582 2208 2642 ην
2251 2548 2290 2624 6
2342 2551 2617 2644 λόγοςε,
2681 2557 2763 2629 τὸ
2824 2563 2899 2629 ἐν
2940 2553 3110 2645 ἀρχῇ
3154 2547 3241 2644 ἦν
3286 2549 3325 2626 6

713 2651 884 2738 υἱός,
946 2659 1060 2722 καὶ
1111 2648 1268 2723 ἀντὶ
1311 2656 1440 2722 τοῦ
1497 2657 1644 2721 »καὶ
1688 2646 1726 2720 6
1772 2648 1975 2738 λόγος
2022 2680 2105 2740 ην
2148 2651 2323 2741 πρὸς
2366 2653 2495 2726 τὸν
2536 2656 2742 2728 θεὸνι
2818 2657 2901 2728 τὸ
2945 2663 3057 2726 καὶ
3103 2651 3141 2726 6
3184 2654 3333 2738 υἱὸς

717 2745 800 2841 ἦν
843 2749 1015 2853 πρὸς
1058 2751 1186 2823 τὸν
1226 2757 1518 2841 πατέρα,
1579 2756 1692 2821 καὶ
1743 2747 1903 2822 ἀντὶ
1956 2759 2082 2823 τοῦ
2140 2760 2287 2824 »καὶ
2330 2753 2491 2837 θεὸς
2553 2748 2651 2847 ἦν
2683 2752 2721 2827 6
2768 2754 3007 2845 λόγος(
3075 2755 3157 2827 τὸ
3220 2761 3333 2825 καὶ

715 2852 880 2934 θεὸς
941 2854 1027 2941 ἦν
1087 2846 1124 2922 6
1185 2848 1347 2933 υἱός.
1433 2844 1621 2921 οῦτω
1683 2846 1748 2921 δ’
1810 2848 1897 2921 ἂν
1954 2846 2305 2940 ἆρμόσειεν
2362 2862 2475 2924 καὶ
2535 2854 2618 2927 τὸ
2682 2857 2835 2946 ἑξῆς
2886 2855 3331 2946 ἐπαγόμενον,

721 2947 1021 3023 »πάνταε
1071 2948 1199 3039 γὰρ
1249 2946 1378 3020 »δι’
1432 2947 1645 3021 αὐτοῦ
1686 2955 1955 3039 ἐγένετο
1998 2958 2113 3023 καὶ
2153 2960 2357 3040 χωρὶς
2410 2950 2623 3025 αυτοῦ
2675 2959 2941 3043 ἐγένετο
2986 2954 3145 3027 οὐδὲ
3198 2956 3332 3026 gv«.

613 3072 679 3127 25
721 3067 726 3138 j
797 3047 1082 3133 εἰκότως
1126 3056 1492 3138 τοιγαροῦν
1557 3045 1595 3120 6
1650 3060 1840 3132 θεῖος
1892 3048 2365 3142 εὖαγγελιστὴς
2408 3056 2483 3123 ἐν
2528 3050 2693 3143 ἀρχῇ
2738 3052 2952 3127 αὐτὸν
2994 3058 3125 3145 ἔφη
3170 3054 3333 3140 δοὺς
3367 3059 3597 3131 131128

716 3147 908 3241 αὐτῷ
971 3145 1212 3239 ἀρχήν,
1275 3155 1488 3239 δῆλον
1549 3145 1613 3219 δ’
1660 3142 1771 3222 ότι
1813 3150 1943 3237 τὴν
1986 3157 2327 3240 γέννησιν,
2382 3152 2513 3242 τὴν
2554 3157 2629 3225 ἐκ
2672 3161 2800 3226 τοῦ
2841 3154 3127 3245 πατρός·
3188 3160 3335 3227 πᾶν

715 3249 840 3337 γὰρ
885 3246 969 3320 τὸ
1015 3251 1090 3318 ἔκ
1132 3277 1323 3330 τινος
1367 3254 1701 3338 γεννηθὲν
1745 3246 1959 3340 ἀρχὴν
2004 3254 2131 3339 ἔχει
2176 3250 2302 3323 τὸν
2352 3251 2998 3341 γεγεννηκότα.οῦ
3047 3254 3183 3345 μὴν
3227 3250 3335 3325 ἔθ’

717 3346 972 3469 ὁμοίως
1017 3346 1353 3439 ἐπηγαγεν
1395 3346 1478 3420 τὸ
1518 3357 1629 3420 καὶ
1675 3346 1780 3438 <ὁ>
1827 3348 2029 3438 λόγος
2082 3352 2169 3439 ἠν
2210 3355 2285 3422 ἐν
2328 3358 2431 3441 τῷ
2474 3360 2651 3443 θεῷ,
2717 3350 2892 3425 ἀλλὰ
2949 3352 3160 3443 »πρὸς
3204 3354 3335 3426 τὸν

716 3447 890 3520 θεὸν
934 3440 1020 3537 ἦν
1065 3444 1104 3519 6
1149 3446 1414 3537 λόγοςι,
1459 3446 1800 3521 διδάσκων
1843 3448 1973 3520 τὸν
2017 3456 2441 3539 γεννηθέντα
2482 3459 2595 3523 καὶ
2637 3450 2853 3543 α’ρχην
2897 3451 3025 3525 τὸν
3067 3460 3337 3542 πατέρα

616 3572 684 3625 30
716 3545 1144 3637 κτησάμενον
1185 3548 1275 3638 μὴ
1319 3544 1582 3637 μακράν
1617 3576 1756 3620 που
1801 3550 1969 3619 εἶναι
2012 3554 2139 3619 τοῦ
2178 3549 2444 3637 πατρὸς
2486 3558 2651 3642 μηδὲ
2678 3549 3191 3642 ἄπεσχοινίσθαι
3220 3561 3337 3625 καὶ

717 3645 954 3736 πόρρω
1007 3675 1146 3718 που
1199 3643 1576 3734 ἀφεστάναι
1625 3644 1867 3731 αυτοῦ,
1930 3642 2107 3719 ἀλλὰ
2165 3668 2479 3738 παρεῖναι
2532 3648 2723 3743 αὐτῷ
2782 3659 2895 3722 καὶ
2954 3652 3079 3723 σὺν
3140 3649 3335 3744 αυτῷ

719 3748 914 3818 εἶναι·
989 3740 1027 3816 ὃ
1091 3746 1174 3836 δὴ
1225 3752 1337 3816 καὶ
1390 3752 1466 3818 ἐν
1507 3754 1907 3835 Παροιμίαις
1960 3750 2302 3820 ἐδίδασκεν
2359 3748 2700 3839 πρότερον
2759 3748 2977 3841 φήσας
3042 3750 3213 3841 »πρὸ
3259 3758 3335 3823 δὲ
3371 3762 3437 3817 14

721 3842 1013 3917 πάντων
1056 3850 1328 3929 βουνῶν
1371 3852 1576 3938 γεννᾷ
1618 3874 1758 3935 pe«,
1821 3850 2057 3917 ἔπειτα
2098 3856 2424 3935 προσθεὶς
2490 3847 2727 3939 »ἡνίκα
2787 3849 3153 3941 ἦτοίμαζεν
3212 3851 3346 3923 τὸν

723 3942 1040 4035 οὐρανόν,
1102 3941 1547 4033 συμπαρήμην
1609 3941 1856 4035 αὖτῷι.
1944 3938 2171 4029 οῦτως
2215 3941 2337 4020 οὖν
2390 3944 2429 4020 6
2475 3948 2703 4039 λόγος,
2766 3956 2979 4041 δῆλον
3032 3948 3100 4022 δ’
3145 3942 3258 4024 ὅτι
3303 3948 3342 4023 6

619 4060 686 4113 35
721 4042 1096 4131 μονογενὴς
1154 4039 1324 4126 υιός,
1387 4046 1475 4132 ἡν
1534 4044 1708 4151 πρὸς
1768 4044 1896 4116 τὸν
1956 4045 2203 4169 ἑαυτοῦ
2253 4053 2517 4156 πατέρα
2570 4049 2697 4121 τὸν
2739 4050 2912 4123 θεὸν
2938 4052 3183 4174 συνών
3227 4061 3344 4133 καὶ
3437 4136 3445 4143 ,

895 4262 933 4317 2
971 4262 1094 4317 Joh.
1133 4266 1179 4331 1,
1215 4264 1248 4319 3
1281 4292 1350 4302 —
1387 4264 1426 4319 a
1461 4262 1584 4318 Joh.
1621 4267 1668 4332 1,
1707 4266 1770 4317 17
1807 4294 1873 4305 -
1917 4265 1993 4320 τι
2023 4266 2145 4320 Joh.
2184 4270 2231 4334 1,
2268 4268 2332 4321 17
2368 4298 2435 4307 -
2476 4268 2547 4323 18
2580 4268 2703 4323 Joh.
2743 4271 2841 4339 1,3
2876 4300 2943 4311 —
2980 4272 3061 4329 20
3095 4270 3342 4340 Joh.1,1

725 4394 790 4403 —
829 4366 904 4420 21
945 4364 1190 4431 Joh.1‚1
1226 4393 1294 4403 -
1331 4364 1409 4420 22
1446 4364 1570 4421 ³011.
1596 4369 1693 4433 1‚1
1731 4395 1796 4404 —
1833 4366 1916 4421 24
1950 4367 2193 4435 Joh.1,3
2228 4398 2295 4408 -
2332 4370 2411 4425 82
2448 4370 2609 4426 prov.
2634 4372 2684 4439 8,
2703 4372 2769 4427 25
2804 4402 2872 4412 —
2908 4372 2987 4428 aa
3022 4372 3183 4431 Prov.
3202 4374 3253 4438 8,
3272 4376 3344 4429 2?

897 4564 930 4621 1
985 4568 1366 4636 γεγεννῆσθαι
1400 4565 1497 4634 V*,
1552 4583 1686 4621 corr.
1725 4566 1804 4619 Vc
1862 4571 1869 4634 Ι
1934 4568 1971 4623 5
2026 4560 2098 4623 αὖ
2150 4576 2253 4625 τοῦ
2306 4588 2344 4640 g
2407 4572 2415 4639 1
2482 4572 2563 4627 28
2617 4570 2649 4627 ὁ
2702 4570 2791 4628 fib.
2830 4572 2882 4627 d.
2920 4574 2973 4629 Z.
3010 4572 3087 4627 V²
3164 4574 3175 4640 Ι
3260 4574 3344 4629 84

725 4664 762 4719 1.
801 4656 1009 4731 ofrcoc‘?
