3694 5582
1190 503 1260 558 de
1296 503 1664 559 ecclesiastica
1695 502 1985 572 theologia
2018 504 2043 556 I
2078 505 2161 560 20.
2904 508 2981 571 85

369 670 492 735 τοῦ
533 661 848 752 κόσμους,
893 673 1004 738 καὶ
1035 663 1249 738 πάλιν
1285 667 1454 757 »ἐγώ
1487 673 1616 757 εἰμι
1646 666 1728 738 τὸ
1773 675 1942 752 φῶς,
1985 673 2097 736 καὶ
2137 661 2179 754 ή
2222 663 2510 756 ἀλήθεια
2553 673 2666 736 καὶ
2710 662 2750 756 ἦ
2783 663 2980 756 ζωήι,

311 817 320 826 .
365 771 474 833 καὶ
519 755 720 847 αὖθις
767 793 914 837 »οτι
957 765 1040 837 τὸ
1085 773 1235 853 φῶς
1287 765 1621 858 ἐλήλυθεν
1673 773 1764 848 εἰς
1824 765 1953 838 τὸν
2013 763 2271 851 κόσμον
2328 773 2441 836 καὶ
2500 763 2857 855 ἠγάπησαν
2918 769 2983 837 οἱ

369 861 738 950 ἄνθρωποι
777 871 1040 950 μᾶλλον
1083 865 1165 936 τὸ
1209 863 1458 949 σκότος
1499 862 1543 955 ἢ
1587 867 1669 939 τὸ
1710 873 1922 954 φῶςι.
1997 871 2109 935 καὶ
2145 871 2275 962 εἴγε
2320 895 2425 948 τις
2470 870 2715 954 ε’ροιτο,
2756 862 2985 938 πόθεν
3016 869 3085 924 24

366 961 718 1052 ἐλήλυθεν,
762 960 1230 1054 ἀποκρινεῖται
1261 961 1299 1038 ὁ
1331 967 1550 1040 εἰπών
1585 962 1661 1039 »ὅ
1691 965 1970 1038 ἄνωθεν
2012 961 2371 1055 ἐρχόμενος
2415 962 2651 1037 ἐπάνω
2694 963 2983 1036 πάντων

300 1075 332 1129 5
364 1067 585 1133 ἐστίν(
662 1070 776 1134 καὶ
841 1059 918 1136 »0‘
979 1070 1055 1136 ἐκ
1115 1072 1244 1136 τοῦ
1304 1062 1600 1154 ουρανοῦ
1661 1063 2018 1156 ἐρχόμενος
2078 1059 2114 1136 ὃ
2170 1064 2467 1152 ἑώρακεν
2525 1074 2635 1136 καὶ
2696 1063 2984 1155 ἤκουσεν

362 1181 754 1251 μαρτυρεῑι·
861 1171 964 1248 τίς
1035 1161 1102 1235 δ’
1175 1158 1261 1255 ἦν
1337 1161 1416 1237 »6
1486 1162 1844 1256 ἐρχόμενος
1914 1169 1991 1235 ἐκ
2063 1170 2190 1235 τοῦ
2246 1161 2614 1252 οὖρανοῦ«;
2680 1162 2843 1254 μήτι
2910 1193 2983 1253 γε

365 1256 406 1349 ἦ
465 1261 632 1350 σὰρξ
683 1259 773 1352 ἣν
817 1259 1184 1354 ἀνείληφεν
1246 1257 1286 1336 ὅ
1330 1263 1593 1355 σωτήρ,·
1654 1262 1985 1354 οὐδαμῶς.
2068 1260 2217 1336 ἀλλ’
2265 1260 2489 1348 αυτός,
2536 1261 2857 1353 δηλονότι
2899 1264 2981 1334 τὸ

364 1368 516 1448 φῶς
568 1369 680 1433 καὶ
725 1359 765 1434 ό
809 1360 1013 1452 λόγος
1053 1370 1166 1437 καὶ
1211 1360 1250 1437 0‘
1293 1363 1457 1448 θεὸς
1517 1373 1629 1436 καὶ
1673 1360 1711 1435 ό
1756 1361 2127 1454 μονογενὴς
2168 1371 2279 1434 καὶ
2324 1359 2362 1435 ὁ
2406 1360 2567 1448 υἱός,
2628 1359 2835 1445 αὐτὸς
2880 1357 2983 1435 ὢν

364 1467 584 1532 ταῦτα
643 1459 896 1548 πάντα,
957 1460 1035 1533 »ἃ
1081 1464 1412 1552 ἑώρακεν(
1481 1474 1716 1538 τοίνυν
1775 1455 1983 1545 οὗτος
2049 1471 2195 1534 »καὶ
2256 1461 2300 1533 ἃ
2344 1461 2691 1553 ἥκουσενι,
2756 1470 2980 1552 φησίν,

268 1573 328 1627 10
368 1580 787 1648 »uam-vost«.
860 1559 1114 1634 οὐκοῦν
1141 1570 1252 1634 καὶ
1298 1565 1479 1654 ἑώρα
1521 1571 1633 1636 καὶ
1665 1561 1951 1653 ἤκουσεν
1981 1569 2147 1652 πρὶν
2192 1568 2303 1633 ἐπὶ
2347 1569 2466 1652 γῆς
2509 1565 2755 1635 ἐλθεῖν.
2826 1572 2982 1636 τίνα
3016 1573 3085 1628 25

362 1665 433 1730 δὲ
489 1659 670 1748 ἑώρα
722 1657 766 1750 ἢ
822 1662 948 1734 τὸν
998 1669 1293 1752 πατέρα,·
1363 1671 1551 1749 τίνος
1603 1669 1675 1735 δὲ
1726 1660 2017 1753 ἤκουσεν
2058 1658 2102 1751 ἢ
2148 1668 2275 1734 τοῦ
2316 1659 2609 1751 πατρός;
2680 1655 2865 1734 οῦτω
2913 1669 2985 1735 δὲ

363 1758 613 1831 ἑαυτὸν
657 1757 741 1831 οῦ
783 1758 998 1852 λόγον
1040 1759 1483 1852 σημαντικόν,
1538 1773 1548 1849 Ι
1604 1759 1754 1837 άλλ
1815 1762 1967 1835 υἱὸν
2024 1759 2308 1850 άληθῶς
2370 1770 2603 1849 ζῶντα
2661 1769 2773 1834 καὶ
2823 1792 2983 1851 υφε-
3020 1769 3098 1826 88

361 1867 600 1931 στῶτα
642 1865 1020 1946 ἐδίδασκεν,
1085 1891 1184 1944 ως
1237 1868 1454 1986 λέγειν
1513 1892 1588 1934 »ο
1631 1862 1889 1984 πατὴρ,
1903 1859 2133 1958 ἇγαπᾷ
2184 1861 2313 1934 τὸν
2354 1860 2535 1947 υἱόν,
2596 1872 2710 1934 καὶ
2752 1861 2982 1936 πάντα

361 1963 666 2031 δέδωκεν
725 1964 799 2032 ἐν
861 1970 946 2050 τῇ
1006 1969 1176 2051 χειρὶ
1238 1959 1467 2034 αὐτοῦ.
1548 1957 1588 2034 ὅ
1647 1961 1995 2034 πιστεύων
2054 1967 2147 2044 εἰς
2206 1961 2335 2034 τὸν
2396 1961 2547 2034 υἱὸν
2606 1966 2737 2051 ἔχει
2799 1965 2983 2052 ζωὴν

265 2069 328 2122 15
362 2058 708 2132 αἰώνιονι.
795 2061 1240 2184 πιστεύωμεν·μ
1279 2071 1541 2147 τοίνυν,
1605 2055 1718 2132 ὅτι
1783 2059 1949 2133 »τὸν
2008 2058 2305 2134 υἱὸνια
2262 2058 2551 2150 ἀγαπῶν
2615 2092 2691 2132 »ο
2754 2063 2982 2152 πατὴρ

359 2157 597 2231 πάντα
657 2165 958 2233 δέδωκεν
1018 2167 1092 2232 ἐν
1155 2169 1240 2251 τῇ
1299 2168 1465 2250 χειρὶ
1529 2157 1799 2234 αὐτοῦς.
1886 2166 2222 2250 ἐπιμελῶς
2284 2165 2355 2230 δὲ
2414 2167 2833 2248 προσεκτέον
2878 2171 2981 2252 τῷ
3016 2171 3083 2228 26

365 2255 712 2344 »πάντα«,
773 2265 900 2349 τῆς
943 2267 1092 2331 τῶν
1136 2267 1449 2351 γενητῶν
1509 2256 1842 2332 ἁπάντων
1902 2255 2253 2346 ὑπάρξεως
2294 2265 2767 2360 περιληπτικῶ
2810 2254 2981 2346 ὄντι,

361 2353 460 2430 δι’
523 2349 604 2428 οὗ
666 2356 778 2479 τὸυ
809 2366 1100 2450 μέγεθος
1160 2367 1286 2449 τῆς
1344 2365 1472 2433 τοῦ
1529 2363 1682 2430 υἱοῦ
1742 2365 1870 2431 τοῦ
1922 2365 2093 2430 θεοῦ
2146 2355 2493 2449 δυνάμεως
2545 2364 2677 2432 ιδοι
2731 2389 2817 2431 αν
2861 2389 2982 2447 τις,

361 2456 696 2547 ἐννοήσας
737 2482 862 2548 οσῃ
907 2465 1018 2530 καὶ
1061 2455 1270 2551 οποίᾳ
1311 2467 1479 2549 χειρὶ
1520 2457 1706 2548 παρὰ
1751 2465 1881 2530 τοῦ
1921 2456 2185 2545 πατρὸς
2212 2455 2628 2530 υποδέδεκτο
2676 2459 2805 2550 τὴν
2834 2469 2983 2532 τῶν

261 2569 328 2624 20
364 2551 603 2629 ὄντων
647 2553 986 2631 ἁπάντων
1027 2552 1336 2648 ὕπαρξιν.
1407 2564 1467 2631 εἰ
1511 2557 1636 2649 γὰρ
1681 2559 1763 2649 δὴ
1807 2566 2013 2648 μέγας
2056 2588 2094 2630 ο
2126 2556 2387 2648 σύμπας
2430 2553 2723 2646 οὐρανός
2766 2589 2841 2631 τε
2872 2567 2985 2632 καὶ
3018 2577 3083 2630 27

361 2655 643 2746 κόσμος,
705 2665 818 2728 καὶ
871 2657 1150 2732 τούτων
1206 2664 1306 2730 ἔτι
1359 2665 1600 2749 μακρῷ
1651 2667 2013 2748 κρείττονα
2053 2665 2167 2729 καὶ
2211 2663 2627 2746 διαφέροντα
2672 2656 2985 2749 τυγχάνει

364 2755 454 2829 τὰ
498 2760 812 2830 ἐπέκεινα
857 2765 1002 2830 τῶν
1046 2752 1423 2850 ὁρωμένων
1468 2764 1542 2833 ἐν
1585 2754 1975 2848 ἀσωμάτοις
2014 2764 2128 2829 καὶ
2172 2751 2559 2849 ἅφθάρτοις
2605 2778 2865 2847 νοεραῑς
2910 2789 2983 2833 τε

359 2864 474 2927 καὶ
519 2864 740 2940 θείαις
781 2856 1148 2946 ὖφεστῶτα
1193 2856 1578 2951 δυνάμεσιν,
1639 2856 1873 2932 πάντα
1926 2886 1998 2929 τε
2054 2852 2179 2930 ὅσα
2231 2856 2358 2930 τόν
2412 2855 2741 2949 ἡμέτερον
2785 2866 2983 2931 διαδι-

363 2954 754 3046 δράσκοντα
799 2964 966 3031 νοῦν
1020 2964 1152 3048 τὴν
1213 2956 1546 3048 ἡμετέραν
1605 2965 1859 3048 γνῶσιν
1904 2955 2259 3043 λανθάνει,
2323 2956 2599 3030 τούτων
2651 2955 2985 3032 ἁπάντων

260 3070 326 3125 25
360 3064 482 3146 μία
528 3062 656 3129 τοῦ
697 3064 1112 3147 μονογενοῦς
1151 3062 1302 3130 υἱοῦ
1346 3065 1473 3131 τοῦ
1513 3064 1686 3131 θεοῦ
1724 3066 1867 3147 χεὶρ
1920 3063 2501 3147 περιδραττομένη
2547 3066 2669 3149 τῆς
2714 3055 2983 3148 ἄπειρο-

360 3162 696 3246 μεγέθους
725 3154 938 3230 αὐτοῦ
967 3154 1318 3246 δυνάμεως
1347 3156 1476 3247 τὴν
1507 3155 1762 3248 ἀρετὴν
1789 3162 2257 3229 ἐπιδείκνυται.
2304 3151 2343 3227 ὃ
2375 3156 2457 3247 δὴ
2486 3164 2598 3229 καὶ
2630 3154 2721 3229 δι’
2756 3160 2984 3248 ἑτέρας
3018 3178 3086 3231 28

359 3250 576 3327 πάλιν
628 3252 840 3340 αὐτὸς
899 3250 938 3326 ὅ
998 3255 1145 3338 υἱὸς
1203 3264 1500 3347 παρίστη
1564 3264 1803 3347 φωνῆς
1864 3262 2085 3347 λέγων
2144 3254 2411 3329 »πάντα
2461 3286 2579 3346 μοι
2628 3256 2981 3347 παρεδόθη

359 3352 500 3425 ὑπὸ
545 3361 672 3425 τοῦ
713 3351 982 3443 πατρός
1022 3384 1215 3444 pov«.
1289 3353 1438 3442 εἷθ’,
1485 3354 1582 3441 ὦς
1623 3353 1822 3447 ἡμῶν
1867 3352 2347 3445 ἀπορούντων,
2392 3364 2497 3439 τίς
2540 3352 2698 3429 ποτ’
2744 3350 2829 3446 ἦν
2872 3364 2983 3429 καὶ

363 3448 696 3543 ὁπηλίκος
741 3450 780 3526 ὅ
826 3453 955 3545 τὴν
1001 3453 1345 3544 τοσαύτην
1387 3452 1981 3545 παρακαταθήκην
2029 3452 2592 3546 ὖποδεδεγμένος,
2646 3456 2734 3546 μὴ
2782 3455 2984 3546 ζήτει,

257 3571 328 3626 30
362 3560 592 3641 φησίν,
623 3550 789 3643 μηδ’
831 3554 1073 3642 ἐρώτα.
1147 3584 1228 3626 ου
1272 3554 1397 3645 γὰρ
1443 3558 1572 3645 εχει
1616 3554 1822 3643 φύσιν
1867 3552 2271 3645 ἀνθρώποις
2315 3564 2786 3644 γνωρίζεσθαι,
2834 3552 2982 3627 ἀλλ’

363 3649 524 3726 οὐδὲ
581 3673 732 3737 ταῖς
791 3661 1178 3743 κρείττοσιν
1235 3663 1348 3726 καὶ
1401 3662 1783 3743 θειοτέραις
1837 3652 2197 3743 δυνάμεσιν
2256 3652 2299 3745 ἦ
2344 3653 2621 3745 ἀκριβὴς
2664 3662 2791 3728 τοῦ
2833 3660 2985 3728 υἱοῦ

360 3758 492 3825 τοῦ
535 3758 708 3824 θεοῦ
750 3750 1152 3845 κατάληψις.
1239 3754 1344 3827 διὸ
1387 3753 1748 3843 προφήσας
1806 3752 2073 3827 »πάντα
2114 3783 2233 3843 μοι
2276 3751 2633 3844 παρεδόθη
2675 3751 2810 3826 υπὸ
2856 3760 2984 3827 τοῦ
3018 3772 3085 3827 29

361 3848 628 3939 πατρός
689 3881 855 3942 μου(
931 3852 1272 3947 ἐπήγαγεν
1337 3862 1484 3925 »καὶ
1549 3852 1766 3937 οὐδεὶς
1824 3853 2253 3943 ἐπιγινώσκει
2306 3851 2435 3925 τὸν
2486 3852 2639 3925 υἱὸν
2693 3860 2751 3925 εἰ
2808 3856 2898 3944 μὴ
2944 3850 2981 3925 ὅ

362 3948 650 4041 πατήρα.
737 3952 1116 4042 σεσιγήσθω
1163 3961 1404 4026 τοίνυν
1447 3959 1580 4037 πᾶς
1634 3950 2023 4043 ἀπόρρητος
2074 3960 2229 4041 περὶ
2282 3960 2409 4025 τοῦ
2452 3958 2601 4024 υἱοῦ
2644 3960 2773 4025 τοῦ
2814 3959 2985 4026 θεοῦ

257 4072 326 4127 35
364 4049 597 4141 λόγος,
658 4058 770 4125 καὶ
835 4049 1029 4143 μόνῳ
1083 4060 1188 4142 τῷ
1241 4060 1453 4141 πατρὶ
1493 4050 1992 4141 παραδεδόσθω
2038 4049 2080 4141 ἦ
2124 4059 2247 4142 τῆς
2290 4057 2359 4138 ἐξ
2402 4048 2618 4123 αὐτοῦ
2662 4058 2985 4141 γενέσεως

539 4274 569 4328 1
607 4274 731 4328 Joh.
771 4274 850 4338 14,
887 4272 921 4327 6
955 4301 1022 4311 ——
1059 4273 1095 4328 2
1131 4272 1254 4329 Joh.
1291 4274 1339 4339 3,
1377 4274 1442 4327 19
1477 4302 1544 4312 —
1580 4274 1619 4327 4
1655 4272 1778 4328 Joh.
1815 4275 1865 4341 3,
1884 4276 1949 4329 31
1988 4304 2055 4313 —
2087 4273 2168 4329 51
2199 4273 2321 4328 Joh.
2360 4274 2409 4338 3,
2427 4274 2494 4327 32
2528 4302 2595 4312 --
2630 4272 2671 4329 9
2706 4272 2827 4329 Joh.
2848 4274 2896 4336 3,
2916 4274 2983 4329 32

362 4404 430 4413 —
469 4375 546 4431 18
581 4374 706 4431 Joh.
745 4376 794 4441 3,
830 4375 912 4429 35.
949 4376 1016 4429 36
1051 4405 1118 4413 -
1156 4376 1230 4431 15
1265 4376 1390 4429 Joh.
1426 4377 1475 4443 3,
1511 4376 1578 4429 35
1624 4403 1689 4413 ——
1744 4376 1819 4430 17
1859 4375 1979 4429 Joh.
2016 4375 2064 4441 3,
2102 4377 2169 4429 35
2222 4404 2289 4414 -
2342 4376 2414 4430 27
2458 4373 2659 4429 Matth.
2697 4376 2778 4441 11,
2815 4376 2879 4428 27
2916 4402 2983 4413 -

365 4476 486 4531 821
517 4474 718 4530 matth.
753 4478 836 4542 11,
872 4477 937 4529 27

532 4677 570 4731 4
609 4674 688 4746 δ’]
725 4682 790 4741 -Ι-
826 4673 997 4743 αὖτὸς
1033 4676 1136 4731 We
1199 4678 1207 4745 Ι
1269 4676 1305 4732 8
1339 4670 1424 4733 ὢν
1459 4697 1490 4727 ⁴*
1525 4697 1558 4727 ⁴*
1594 4697 1626 4726 a*
1661 4696 1694 4726 κ
1729 4676 1836 4731 We
1898 4678 1907 4744 Ι
1975 4676 2049 4731 15
2087 4676 2431 4747 πιστεύομεν
2465 4693 2520 4729 m
