3694 5582
729 477 852 540 206
1904 471 2172 527 Eusebius

729 644 854 703 πῶς
889 636 999 709 γὰρ
1038 635 1071 694 ό
1105 640 1303 711 κύριος
1337 642 1632 711 γεννηθεὶς
1663 642 1763 695 καὶ
1797 640 1963 705 θεός,
2000 634 2081 704 ὡς
2125 637 2296 703 αὐτὸς
2340 637 2651 711 προλαβὼν
2704 635 2837 709 ἔφη,
2890 636 3121 695 δύναται
3174 636 3345 694 εἰκὼν

729 728 874 780 θεοῦ
925 718 1095 789 εἶναι;
1147 720 1348 797 ἕτερον
1399 724 1510 796 γὰρ
1563 722 1736 781 εἰκὼν
1778 727 1947 788 θεοῦ,
1999 726 2099 778 καὶ
2142 718 2343 797 ἕτερον
2386 724 2539 788 θεός.
2606 716 2755 779 ὥστε
2802 722 2994 791 εἰμὲν
3028 720 3225 787 εἰκών,
3280 722 3347 778 οὔ

728 806 928 880 κύριος
978 808 1106 865 οὐδὲ
1157 808 1318 873 θεός,
1373 804 1496 865 ἀλλ’
1539 806 1710 865 εἰκὼν
1752 810 1950 881 κυρίου
1991 811 2091 864 καὶ
2126 812 2291 865 θεοῦ·
2354 806 2408 863 εἰ
2454 806 2515 863 δὲ
2564 807 2761 879 κύριος
2812 804 2993 873 ὅντως
3040 809 3142 863 καὶ
3191 807 3345 872 θεός,

732 890 918 948 οὐκέτι
953 890 986 947 ὁ
1021 890 1214 964 κύριος
1248 894 1347 948 καὶ
1381 894 1520 958 θεὸς
1553 890 1724 949 εἰκὼν
1759 894 1963 963 κυρίου
1994 895 2094 949 καὶ
2127 897 2273 950 θεοῦ
2307 886 2453 950 εἶναι
2487 892 2738 949 δύναται.

661 1078 696 1131 5
900 1076 992 1131 Nr.
1031 1078 1096 1131 97
1134 1077 1232 1145 (Re
1266 1076 1354 1143 86)
1409 1074 1571 1132 οὐδὲν
1626 1069 1726 1131 οὖν
1772 1076 1947 1133 αὐτὸν
1982 1070 2066 1133 ὧν
2102 1086 2374 1151 προεῖπεν
2420 1072 2566 1135 εἶναι
2600 1077 2891 1151 βούλει-αι·
2950 1078 3183 1133 πάντων
3232 1074 3346 1147 γὰρ

731 1159 948 1215 τούτων
985 1158 1179 1216 εἰκόνα
1216 1158 1390 1216 αὐτὸν
1425 1156 1571 1217 εἶναι
1606 1160 1775 1231 λέγει.
1835 1161 2043 1218 οὐκοῦν
2080 1162 2135 1221 εί
2164 1161 2361 1228 οὐσίας
2394 1159 2549 1219 ἐστὶν
2586 1160 2776 1230 εἰκών,
2813 1160 3000 1219 οὐκέτι
3042 1159 3349 1219 αὐτοουσία

733 1243 964 1300 δύναται
999 1239 1168 1300 εἶναι·
1221 1248 1320 1301 καὶ
1354 1244 1409 1301 εἰ
1439 1250 1646 1317 βουλῆς
1680 1244 1832 1303 ἐστιν
1866 1245 2056 1311 εἰκὼν,
2093 1246 2279 1303 οὐκέτι
2315 1248 2630 1321 αὐτοβουλὴ
2669 1242 2815 1304 εἶναι
2850 1246 3105 1302 δύναται·
3157 1248 3259 1301 καὶ
3300 1244 3353 1303 εἰ

731 1328 1023 1398 δυνάμεως
1057 1327 1252 1396 εἰκών,
1306 1327 1494 1387 οὐκέτι
1529 1329 1783 1401 δύναμις·
1836 1333 1936 1387 καὶ
1987 1331 2043 1389 εί
2074 1332 2240 1400 δόξης
2272 1329 2468 1399 εἰκών,
2506 1330 2693 1388 οὐκέτι
2726 1332 2881 1399 δόξα.
2953 1332 2986 1401 ἦ
3025 1330 3138 1401 γὰρ
3174 1328 3349 1387 εἰκὼν

735 1413 837 1485 οὐχ
873 1410 1074 1481 ἑαυτῆς
1107 1409 1229 1471 ἀλλ’
1263 1410 1460 1487 ἑτέρου
1494 1416 1648 1480 τινὸς
1682 1412 1855 1472 εἰκών
1890 1414 2056 1474 ἐστιν.

633 1606 701 1659 10
903 1600 994 1654 Nr.
1032 1601 1100 1654 98
1133 1599 1232 1662 (Re
1267 1600 1354 1666 87)
1403 1596 1524 1654 ἰδοὺ
1567 1596 1678 1671 γὰρ
1725 1599 1790 1655 τὸ
1826 1600 1973 1657 κατὰ
2012 1594 2286 1674 Ἀστέριον
2321 1601 2471 1671 ἡμᾶς
2509 1598 2577 1655 οὐ
2612 1608 2888 1656 τοσοῦτον
2926 1603 3111 1661 λυπεῖ,
3148 1598 3203 1654 εἰ
3235 1618 3351 1655 τοι·

737 1690 878 1739 αῦτα
917 1684 1179 1755 προήχθη
1215 1681 1481 1756 γράφειν,
1537 1678 1664 1739 ἀλλ’
1699 1679 1786 1739 ὅτι
1819 1687 1921 1741 καί
1953 1704 2099 1751 τινες
2130 1692 2248 1741 τῶν
2284 1684 2633 1757 προεστάναι
2666 1683 2988 1740 δοκούντων
3022 1690 3121 1750 τῆς
3156 1682 3353 1753 ἐκκλη-

737 1769 875 1831 σίας,
911 1772 1010 1833 τῆς
1043 1766 1148 1836 μὲν
1185 1763 1565 1836 ἀποστολικῆς
1599 1764 2011 1838 ἐπιλαθόμενοι
2054 1770 2450 1839 παραδόσεως,
2503 1770 2574 1825 τὰ
2627 1768 2687 1825 δὲ
2738 1761 2955 1834 ἔξωθεν
3008 1776 3123 1824 τῶν
3176 1770 3354 1825 θείων

735 1852 1182 1921 προτιμήσαντες
1215 1851 1448 1909 τοιαῦτά
1492 1872 1616 1908 τινα
1661 1851 1886 1925 γράψαι
1930 1874 1992 1912 τε
2028 1856 2125 1909 καὶ
2160 1851 2377 1920 διδάξαι
2413 1849 2759 1923 ἐτόλμησαν,
2816 1848 2851 1909 ἃ
2908 1852 3072 1910 οὐδὲν
3108 1846 3353 1908 ἔλαττον

735 1941 832 2003 τῆς
865 1942 978 1990 τῶν
1015 1936 1443 2009 προειρημένων
1479 1931 1668 2008 ἔχεται
1703 1936 1932 2007 πλάνης.

635 2116 702 2169 15
905 2118 996 2173 Nr.
1033 2120 1100 2176 99
1135 2120 1232 2186 (Re
1265 2123 1351 2183 88)
1403 2120 1533 2177 δέον
1585 2118 1857 2177 τάναντία
1910 2120 2055 2189 μετὰ
2108 2118 2366 2195 δακρύων
2418 2140 2480 2179 τε
2532 2123 2631 2177 καὶ
2682 2119 2930 2186 πένθους
2976 2118 3121 2191 πρός
3154 2118 3356 2192 κύριον

735 2207 882 2272 βοᾶν
923 2202 1298 2274 »ήμάρτομεη
1337 2205 1709 2278 ἠσεβήσαμεν,
1747 2206 2171 2275 ήνομήσαμενκ,
2216 2208 2313 2261 καὶ
2347 2205 2414 2262 τὸ
2452 2204 2706 2278 πονηρὸν
2743 2202 2989 2262 ἐνώπιόν
3026 2221 3128 2260 σου
3164 2200 3354 2273 ἐποιή-

737 2306 932 2355 σαμεν,
968 2290 1066 2342 καὶ
1101 2298 1201 2345 νῦν
1235 2292 1620 2359 μεταγνόντες
1653 2296 1752 2359 τῆς
1785 2290 1943 2361 παρά
1982 2308 2085 2347 σου
2119 2298 2310 2362 τυχεῖν
2354 2288 2622 2359 ἀξιοῦμεν
2668 2290 3119 2365 φιλανθρωπίας.
3190 2284 3357 2345 ταῦθ’

736 2367 1018 2441 ἥρμοττεν
1071 2371 1250 2443 αὐτῷ,
1303 2384 1479 2430 ταῦτα
1534 2371 1840 2447 συνέφερεν
1886 2374 2073 2445 λέγειν
2117 2374 2205 2431 διὰ
2258 2378 2360 2445 τὴν
2396 2370 2649 2447 ἄμετρον
2682 2383 2783 2430 τοῦ
2814 2378 2959 2431 θεοῦ
2996 2374 3357 2444 χρηστότητα

734 2457 832 2511 καὶ
868 2460 1320 2529 φιλανθρωπίαν.
1390 2461 1577 2515 καίτοι
1613 2457 1940 2516 ἀκόλουθον
1976 2456 2044 2529 ἣν
2078 2459 2179 2514 τὸν
2214 2458 2359 2528 μετὰ
2396 2460 2830 2531 φιλανθρωπίας
2861 2461 2961 2513 καὶ
2995 2456 3359 2527 δικαιοσύνης

631 2540 703 2594 20
737 2536 1184 2609 ἐπιμελούμενον
1218 2543 1360 2598 θεὸν
1397 2542 1681 2600 ἀντειπεῖν
1714 2544 1956 2614 λέγοντα
1996 2541 2081 2599 »εἰ
2114 2541 2322 2614 ἐχθρὸς
2356 2540 2647 2600 ὠνείδισέν
2682 2562 2771 2612 με,
2808 2537 3096 2613 ὑπήνεγκα
3132 2537 3225 2611 ἄν,
3261 2545 3359 2598 καὶ

737 2622 792 2680 εί
825 2622 857 2677 ὁ
893 2632 1075 2693 μισῶν
1109 2646 1182 2695 με
1223 2620 1312 2681 ἐπ’
1345 2624 1446 2696 ἐμὲ
1481 2625 2073 2699 ἐμεγαλορημόνησεν,
2109 2623 2350 2701 ἐκρύθην
2376 2622 2447 2683 ἂν
2484 2622 2586 2685 ἀπ’
2616 2622 2804 2684 αὐτοῦ.
2866 2626 2934 2683 σὺ
2966 2624 3041 2693 δέ,
3078 2620 3357 2698 ἄνθρωπε

739 2706 1000 2780 ἰσόψυχε,
1047 2707 1277 2781 ἡγεμών
1321 2731 1434 2780 μου
1467 2714 1568 2768 καὶ
1601 2710 1826 2782 γνωστά
1862 2726 1999 2780 μου·
2061 2708 2125 2777 ὃς
2160 2708 2253 2766 ἐπὶ
2288 2711 2355 2766 τὸ
2392 2706 2533 2768 αὐτὸ
2568 2708 2881 2781 ἐγλύκανάς
2914 2730 3015 2779 μοι
3050 2708 3353 2778 ἐδέσματα,

738 2790 798 2850 ἐν
833 2801 912 2862 τῷ
950 2791 1087 2868 οἴκῳ
1123 2805 1224 2851 τοῦ
1259 2801 1401 2852 θεοῦ
1435 2795 1829 2868 ἐπορεύθημεν
1866 2791 1927 2851 ἐν
1964 2793 2256 2871 όμονοίᾳα.
2318 2791 2403 2852 ὅτι
2428 2797 2539 2870 γὰρ
2576 2795 2831 2853 σύνεστιν
2863 2795 2999 2866 ἡμῖν
3031 2803 3152 2861 τοῖς
3176 2789 3357 2852 αὐτοῦ

737 2883 1086 2950 λειτουργοῖς
1138 2875 1301 2947 ἴσμεν
1347 2879 1464 2936 ἀπὸ
1499 2887 1596 2948 τῆς
1631 2873 1804 2936 αὐτοῦ
1838 2879 2078 2950 ῥήσεως,
2138 2879 2317 2935 »ἰδοὺυ
2374 2879 2484 2953 γὰρ
2544 2875 2779 2949 »ἔσομαι
2812 2875 2949 2948 μεθ’
2998 2875 3185 2948 ὑμῶνσ
3252 2875 3357 2949 ἔφη

635 2963 702 3017 25
745 2962 962 3029 »πάσας
995 2962 1096 3029 τὰς
1132 2963 1372 3036 ὴμέραςστ
1412 2971 1512 3032 τῆς
1547 2968 1692 3033 ζωῆς
1727 2961 1887 3033 ὑμῶν
1928 2960 2065 3029 »ἕως
2098 2971 2196 3033 τῆς
2224 2967 2551 3067 συντελείας
2592 2973 2694 3020 τοῦ
2730 2962 2989 3031 αἰῶνοςε.
3060 2957 3183 3020 εἶτα
3225 2961 3356 3020 ἀκο-

738 3045 963 3112 λοῦθως
997 3047 1226 3114 πάντως
1261 3067 1372 3104 που
1406 3051 1503 3104 καὶ
1537 3048 1606 3104 τὰ
1645 3045 1899 3117 ἑπόμενα
1934 3055 2053 3113 τοῖς
2088 3048 2439 3150 προάγουσιν
2474 3047 2759 3121 ἐπήγαγεν
2796 3045 2867 3105 ἂν
2892 3046 3053 3120 ῥητά,
3105 3045 3356 3104 »ἐλθέτω

737 3131 992 3197 θάνατος
1025 3125 1114 3188 ἐπ’
1150 3126 1370 3197 αυτοίς,
1405 3135 1504 3188 καὶ
1537 3135 1951 3206 καταβήτωσαν
1988 3131 2069 3198 εἰς
2105 3126 2245 3208 ὅίδου
2280 3136 2511 3202 ζῶντες·
2559 3129 2646 3190 ὅτι
2681 3135 2927 3205 πονηρία
2963 3129 3025 3189 ἐν
3060 3139 3184 3197 ταῖς
3223 3153 3358 3204 καρ·

737 3218 879 3282 δίαις
913 3212 1154 3273 αι’τῶνε.
1225 3217 1356 3282 τοὺς
1403 3215 1512 3288 γὰρ
1559 3215 1620 3273 ἐν
1667 3215 1872 3292 ἀγνοίᾳ
1926 3224 2023 3285 τῆς
2077 3214 2340 3290 ἀσεβείας
2392 3215 2562 3282 ὄντας
2612 3217 2849 3290 νεκροὺς
2898 3213 3013 3272 ὑπὸ
3064 3225 3165 3271 τοῦ
3222 3207 3360 3271 άδου

737 3301 982 3357 καταπίν
985 3302 1156 3358 εσθαί
1191 3319 1358 3372 φησιν
1394 3302 1428 3370 ἡ
1466 3303 1680 3374 γραφή·
1739 3303 1937 3374 νεκροὶ
1972 3300 2107 3372 γάρ,
2143 3304 2242 3357 καὶ
2280 3305 2380 3371 ζῆν
2414 3306 2589 3358 δοκοι
2592 3321 2731 3370 ντες,
2768 3299 3081 3372 ἐτύγχανον
3118 3297 3233 3369 (ὤ
3256 3319 3357 3366 τες.

633 3483 704 3539 30
755 3559 773 3568 ·
904 3485 996 3540 Nr.
1040 3487 1140 3540 100
1176 3485 1274 3550 (Re
1307 3485 1395 3552 89)
1431 3479 1743 3554 ἄνθρωπον
1779 3481 1893 3555 γὰρ
1930 3483 2031 3538 τὸν
2069 3491 2297 3557 σωτῆρα
2343 3481 2491 3543 εἶναι
2542 3484 2872 3558 βούλονται·
2932 3487 3101 3552 δῆλον
3140 3479 3217 3538 ’δὲ
3263 3477 3362 3554 ἀφ’

739 3573 822 3624 ὡν
875 3567 1214 3642 πανούργως
1265 3569 1334 3626 τὰ
1387 3578 1488 3626 τοῦ
1541 3566 1866 3624 ἀποστόλου
1919 3566 2062 3640 ῥητὰ
2118 3563 2392 3642 Εὐσέβιος
2444 3570 2591 3640 πρὸς
2640 3570 2708 3626 τὸ
2762 3565 2965 3626 ἑαυτοῦ
3016 3569 3361 3639 μετήνεγκεν

735 3651 1011 3724 βούλημα.
1083 3648 1165 3717 ὥς
1199 3651 1309 3723 γὰρ
1347 3649 1411 3709 ἐκ
1453 3657 1702 3718 παλαιᾶς
1743 3671 1899 3718 τινος
1941 3647 2145 3720 ὠδῖνος
2178 3658 2451 3725 μεγίστην
2488 3651 2808 3722 ἀποκυῆσαι
2841 3653 3194 3725 βουλόμενος
3229 3656 3361 3724 βλα·

909 3838 1078 3891 5-9
1111 3838 1352 3891 Aeacius
1376 3837 1462 3889 bei
1482 3837 1832 3905 Epiplmnizoe
1852 3838 1998 3891 haer.
2030 3839 2108 3902 72,
2130 3837 2176 3890 6.
2199 3837 2348 3906 9(οᾰ.
2370 3837 2588 3892 Dindor
2658 3837 2757 3902 vyl.
2788 3838 2871 3902 72,
2896 3837 2967 3890 10
2994 3865 3063 3876 --
3096 3837 3361 3892 10—14

737 3904 826 3970 25,
863 3905 1094 3970 31—26,
1133 3906 1172 3956 3
1205 3934 1270 3942 —
1305 3904 1568 3960 15—29
1601 3907 1690 3968 26,
1724 3906 1949 3972 31-27,
1988 3906 2058 3958 13
2088 3935 2155 3944 -—
2192 3906 2429 3961 30—8.
2468 3907 2645 3975 20,
2677 3906 2780 3961 10
2816 3905 3155 3972 29,14-28

909 4037 1094 4108 6ng
1132 4039 1182 4094 S.
1221 4041 1358 4106 205,-
1373 4037 3358 4106 31-16Βαιιη9158’ἳ-181Ἱ“ἰ1;.,34-2οΡε54,]3-1ῖ’)

739 4107 920 4161 -24
960 4057 1157 4160 Μαίῑίὼ.
1195 4109 1278 4174 28,
1315 4080 1595 4163 20-27
1637 4109 1724 4161 Ps.
1761 4111 1844 4175 54,
1882 4109 2165 4163 16—82
2206 4109 2315 4179 vgl.
2353 4109 2557 4172 8-203,
2595 4081 2659 4163 14

912 4243 943 4296 1
984 4243 1130 4376 καὶ]
1137 4250 1201 4306 -4—
1239 4239 1271 4296 ὁ
1310 4242 1361 4295 V
1417 4245 1582 4379 {397
1497 4241 1562 4298 δύ
1529 4243 1748 4311 υναται]
1768 4250 1850 4378 1-1-
1886 4236 1969 4330 ξτι
1994 4248 2153 4298 Aeac.
2204 4245 2212 4308 Ι
2262 4244 2298 4298 3
2334 4243 2518 4313 θεόςῖ]
2555 4251 2619 4307 -4—
2656 4237 2838 4308 ὄντως
2874 4247 3035 4297 Aeac.
3084 4243 3093 4304 Ι
3144 4243 3181 4298 4
3217 4243 3359 4326 xav]

741 4317 804 4372 -{—
842 4307 874 4362 ὁ
911 4309 960 4362 V
1102 4311 1136 4366 ὅ
1177 4302 1279 4364 οὖν
1315 4320 1380 4369 <
1841 4309 2031 4366 αὐτῶν
2065 4310 2163 4380 Ep.
2204 4313 2284 4377 72,
2322 4312 2355 4366 9
2420 4313 2428 4366 Ι
2492 4319 2774 4382 προεῖπον
2811 4309 2909 4379 Ep.
2950 4313 3029 4372 72,
3056 4313 3088 4366 6
3152 4312 3161 4378 1
3226 4309 3358 4365 πάν·

737 4396 870 4464 τως
893 4377 990 4462 Ep.
1031 4379 1110 4442 ’72,
1147 4381 1180 4432 6
1355 4381 1392 4430 6
1447 4328 1626 4448 λέγεις
1669 4312 1775 4447 Elp.
1807 4381 1888 4445 72,
1925 4381 1957 4434 9
2132 4377 2213 4433 ssf
2261 4351 2329 4433 οὐ
2361 4379 2603 4514 Ιδύναται
2648 4375 2955 4434 αὐτοουσία
2984 4375 3089 4500 fl.
3128 4379 3207 4444 72,
3244 4381 3277 4432 6

743 4447 779 4501 8
817 4441 1038 4500 εἰκώνί·
1057 4449 1078 4484 ²
1113 4456 1180 4504 <
1215 4377 1314 4515 Ε.
1353 4445 1431 4508 72,
1453 4449 1485 4502 9
1625 4449 1662 4500 9
1700 4421 1888 4502 εἰκών
1908 4457 1973 4505 <
2264 4449 2297 4501 6
2437 4449 2513 4502 16
2550 4444 2637 4515 τὸ]
2672 4445 2773 4502 τὸν
2810 4445 2857 4498 V
3096 4420 3207 4500 τὸν
3222 4463 3260 4514 g
3292 4378 3359 4499 τὸ

741 4513 791 4566 V
829 4510 896 4567 οὐ
931 4513 1023 4567 Mo
1072 4515 1079 4580 Ι
1138 4516 1352 4590 φιλανθ
1389 4514 1589 4582 ωπίας]
1628 4523 1690 4575 -ἦ-
1729 4512 1871 4569 ἀλλὰ
1910 4514 2001 4567 Mo
2058 4449 2211 4580 rw
2140 4515 2219 4569 20
2256 4511 2327 4583 εἰ]
2361 4448 2427 4576 1-1-
2465 4512 2497 4567 ὁ
2532 4514 2622 4568 fib.
2662 4513 2712 4568 d.
2740 4513 2791 4567 Z.
2830 4447 2915 4565 ῨΊΙ
2968 4446 3014 4580 11
3042 4513 3121 4568 26
3159 4511 3359 4596 ἐπήγα-

741 4597 840 4702 γεν
875 4598 903 4632 r
937 4577 1228 4651 ἐπήγαγον
1255 4581 1302 4632 V
1443 4583 1520 4636 28
1559 4579 1846 4652 εἰσεθείας
1882 4599 1909 4632 r
1971 4582 1979 4648 Ι
2047 4583 2125 4636 29
2163 4579 2291 4638 ἐντι
2294 4580 2603 4652 γχάνοντες
2626 4582 2691 4644 V,
2728 4598 2861 4636 corr.
2890 4580 2981 4634 Mo
3045 4582 3053 4645 Ι
3120 4583 3198 4637 80
3230 4577 3357 4652 βού-

774 4667 896 4704 εται
931 4667 984 4700 m
