3694 5582
641 497 720 560 92
1810 489 2077 545 Eusebius

641 651 814 724 θεὸν
855 649 1232 724 ἀποκαλῶν
1275 659 1386 723 καὶ
1431 649 1753 741 ἀγγέλους
1797 647 2183 740 ὀνομάζων,
2228 653 2481 742 μεταξὺ
2522 650 2652 722 τὸν
2692 659 2973 741 μεσίτην
3018 648 3261 739 εἰσάγει

644 759 860 842 λέγων
896 746 971 824 »6
1002 756 1073 822 δὲ
1101 761 1372 842 μεσίτης
1401 759 1512 828 ὅθ’
1539 751 1692 834 ἑνὸς
1734 749 1859 823 οῦκ
1890 756 2134 824 ἔστινα.
2178 743 2263 841 ἦν
2294 751 2426 842 ἄρα
2452 759 2565 822 καὶ
2593 751 2727 839 πρὸ
2758 757 2881 840 τῆς
2911 755 3261 839 ἐνανθρω-

642 851 914 941 πήσεως
957 849 1132 923 κατὰ
1175 851 1338 936 τοὺς
1382 858 1686 936 Μωσέως
1724 849 2021 941 χρόνους
2062 849 2437 940 μεσιτεύων
2480 859 2565 940 τῇ
2612 858 2994 942 νομοθεσίᾳ.

807 950 912 1037 ιβ’.
971 959 1084 1022 καὶ
1135 948 1442 1040 ἀρχιερέα
1485 957 1558 1022 δὲ
1601 949 1816 1022 αὐτὸν
1860 946 1899 1023 6
1953 947 2161 1034 αὐτὸς
2222 947 2611 1034 ἀπόστολος
2669 946 3004 1022 ἀποκαλεῖ
3042 957 3261 1039 λέγων
3294 961 3365 1015 66

574 1068 607 1121 5
650 1053 954 1139 »ἔχοντες
1017 1043 1142 1122 οὖν
1202 1047 1510 1140 ἀρχιερέα
1568 1057 1776 1140 μέγαν
1837 1047 2295 1140 διεληλυθότα
2354 1051 2518 1132 τοῦς
2580 1047 2941 1138 οὐρανούς,
3012 1046 3263 1138 Ἰησοῦν

644 1149 767 1221 τὸν
811 1147 961 1221 υἱὸν
1005 1156 1134 1222 τοῦ
1177 1157 1400 1221 θεοῦι.

809 1246 911 1339 ιγ’.
973 1246 1054 1320 οῦ
1106 1250 1241 1339 μὴν
1295 1245 1468 1321 ἀλλὰ
1525 1258 1636 1320 καὶ
1677 1247 2083 1339 ἀπαύγασμα
2144 1255 2267 1338 τῆς
2310 1247 2510 1339 δόξης
2552 1257 2665 1320 καὶ
2706 1254 3095 1338 χαρακτῆρα
3139 1254 3265 1319 τοῦ
3296 1262 3363 1317 67

645 1356 816 1421 θεοῦ
867 1355 976 1418 καὶ
1022 1347 1175 1421 υἱὸν
1216 1355 1330 1419 καὶ
1373 1345 1800 1438 κληρονόμον
1854 1348 1981 1420 τὸν
2034 1346 2247 1420 αὐτὸν
2299 1352 2483 1420 οἶδεν
2527 1355 2747 1440 λέγων
2796 1344 2936 1419 »ἐπ’
2980 1345 3269 1435 ἐσχάτου

647 1455 792 1520 τῶν
835 1443 1107 1538 ημερῶν
1150 1445 1429 1519 τούτων
1471 1445 1794 1537 ἐλάλησεν
1838 1444 1996 1537 ημῖν
2051 1453 2127 1519 ἐν
2168 1451 2324 1539 υἱῷ,
2388 1443 2471 1520 όν
2522 1451 2771 1538 ἔθηκεν
2829 1445 3269 1538 κληρονόμον

543 1563 612 1618 10
645 1543 968 1631 πάντων,
1031 1543 1123 1618 δι
1169 1538 1250 1618 οὗ
1291 1555 1402 1618 καὶ
1447 1552 1760 1637 ἐποίησεν
1819 1547 1984 1629 τοῦς
2044 1555 2321 1632 αἰῶνας·
2384 1542 2461 1632 ὃς
2520 1542 2625 1618 ὢν
2684 1544 3097 1668 ἀπαύγασμα
3146 1545 3277 1636 τῆς

469 1688 477 1700 ·
537 1685 556 1704 ν
647 1647 846 1736 δόξης
907 1653 1018 1718 καὶ
1069 1647 1414 1736 χαρακτὴρ
1469 1653 1592 1736 τῆς
1645 1641 2087 1728 ὖποστάσεωὶ
2132 1647 2403 1720 αὐτοῦς.
2487 1655 2597 1719 καὶ
2651 1643 2951 1720 ἐνταῦθα
3014 1640 3267 1774 (ὥσπερ

649 1743 980 1833 ἀνωτέρω
1024 1750 1292 1835 ἐλέγετο
1337 1757 1490 1837 περὶ
1535 1754 1662 1818 τοῦ
1706 1739 1915 1834 λόγου
1959 1743 2041 1820 τὸ
2096 1745 2360 1820 »πάντα
2402 1743 2495 1818 δι’
2542 1744 2754 1819 αὐτοῦ
2780 1752 3113 1836 ἐγένετοι,
3157 1754 3269 1816 καὶ

647 1851 803 1935 περὶ
862 1851 990 1918 τοῦ
1051 1844 1288 1932 φωτὸς
1349 1846 1431 1917 τὸ
1498 1851 1612 1918 »ἐν
1671 1853 1774 1936 τῷ
1837 1845 2071 1940 κόσμῳ
2134 1843 2247 1940 ἦν,
2318 1853 2429 1919 καὶ
2491 1841 2530 1918 6
2590 1842 2841 1936 κόσμος
2900 1841 2996 1917 δι’
3057 1841 3269 1916 αὐτοῦ

648 1948 987 2035 ἐγένετοι,
1041 1951 1152 2015 καὶ
1194 1953 1347 2034 περὶ
1390 1943 1600 2034 Ἰησοῦ
1643 1955 1947 2038 Χριστοῦ
1988 1949 2071 2022 τὸ
2140 1946 2333 2040 »ἡμῖν
2393 1947 2487 2028 εἷς
2544 1945 2776 2034 κύριος
2817 1941 3064 2033 Ἰησοῦς
3110 1950 3267 2030 Χρι-

549 2059 614 2112 15
649 2041 835 2128 στός,
898 2041 993 2116 δι’
1049 2036 1129 2116 οὗ
1193 2045 1282 2116 τὰ
1321 2043 1619 2132 πάνταε)
1682 2054 1812 2119 θέα
1856 2043 2047 2132 ὅπως
2088 2055 2245 2136 περὶ
2290 2053 2417 2119 τοῦ
2458 2042 2672 2118 αὐτοῦ
2714 2040 2967 2133 ὁμοίως
3010 2049 3268 2133 εἴρηται
3302 2059 3372 2113 68

650 2143 732 2215 τὸ
785 2141 911 2214 »δι’
959 2136 1040 2217 οῦ
1083 2153 1196 2217 καὶ
1241 2149 1558 2234 ἐποίησεν
1602 2146 1764 2228 τοὺς
1807 2153 2118 2231 αἰῶναςι.

818 2242 923 2316 ιδ’.
983 2249 1334 2334 ἐπιστῆσαι
1391 2250 1464 2315 δὲ
1507 2243 1636 2317 τὸν
1680 2253 1846 2319 νοῦν
1890 2251 1965 2319 ἐν
2011 2246 2283 2329 τούτοις
2338 2245 2556 2331 ἄξιον,
2622 2273 2815 2327 οπως
2878 2240 3267 2332 ὠνόμασται

652 2341 1074 2434 ἀπαύγασμα·
1120 2346 1301 2433 οἶμαι
1344 2341 1470 2432 γὰρ
1516 2351 1639 2434 τῆς
1682 2351 1758 2417 ἐκ
1801 2355 1929 2418 τοῦ
1970 2346 2234 2434 πατρὸς
2278 2350 2403 2417 τοῦ
2444 2345 2595 2415 υἱοῦ
2641 2341 3016 2433 γεννήσεως
3056 2371 3269 2432 παρα-

652 2442 978 2515 στατικὸν
1023 2442 1198 2514 εἶναι
1241 2441 1368 2514 τὸν
1411 2440 1634 2532 λόγον.
1719 2443 2057 2529 πολλάκις
2099 2445 2225 2535 γὰρ
2270 2442 2757 2533 οὖνομασμένου
2798 2447 2948 2514 υἱοῦ
2990 2450 3102 2513 καὶ
3146 2449 3273 2513 τοῦ

549 2557 618 2611 20
653 2550 823 2614 θεοῦ
881 2541 1142 2632 πατρὸς
1199 2552 1762 2632 χρηματίσαντος,
1825 2549 1971 2634 (ἵνα
2032 2545 2121 2636 μὴ
2182 2539 2719 2632 καταπεσόντες>
2780 2547 2891 2614 ἐπὶ
2944 2541 3069 2625 τὰς
3122 2549 3270 2612 τῶν

655 2641 858 2732 ζῴων
919 2649 1202 2730 γενέσεις
1260 2641 1584 2714 τοιοῦτόν
1642 2672 1800 2716 τινα
1863 2644 2131 2734 τρόπον
2186 2641 2673 2732 υπολάβοιμεν,
2745 2647 2857 2714 ἐπὶ
2916 2649 3043 2714 τοῦ
3101 2648 3272 2714 θεοῦ

653 2747 1204 2834 θεοπρεπεστέρᾳ
1247 2747 1561 2831 κέχρηται
1605 2741 1816 2817 εἰκόνι
1862 2739 1899 2816 6
1956 2741 2370 2828 ἀπόστολος,
2432 2748 2587 2833 περὶ
2644 2749 2770 2833 μὲν
2829 2748 2958 2813 τοῦ
3008 2739 3270 2829 πατρὸς
3304 2751 3375 2808 69

653 2842 874 2913 εἰπών
922 2848 1109 2929 »φῶς
1155 2847 1369 2913 οἰκῶν
1411 2838 1857 2931 ἀπρόσιτονι,
1916 2844 2042 2916 τὸν
2086 2851 2157 2915 δὲ
2198 2842 2353 2915 υἱὸν
2404 2838 2803 2931 ἀπαύγασμα
2855 2848 2984 2913 τοῦ
3032 2870 3275 2931 πατρι-

652 2946 779 3011 κοῦ
823 2939 1058 3027 φωτὸς
1089 2935 1500 3030 ὁρισάμενος,
1546 2940 1727 3013 ω’στε
1755 2945 1929 3016 εἶναι
1958 2944 2041 3016 τὸ
2072 2940 2476 3033 ἀπαύγασμα
2506 2949 2800 3032 γέννημα
2832 2947 2956 3013 τοῦ
2982 2968 3271 3031 πρωτου

549 3056 616 3113 25
653 3037 920 3127 φωτός,
967 3037 1050 3113 ού
1093 3040 1268 3111 κατὰ
1313 3039 1443 3129 τὴν
1487 3050 1634 3114 τῶν
1676 3051 1971 3133 θνητῶν
2014 3042 2216 3133 ζῴων
2267 3040 2577 3113 ὑποστὰν
2634 3050 2924 3131 γένεσιν,
2978 3040 3153 3111 κατὰ
3198 3046 3269 3111 δὲ

653 3137 733 3210 τὸ
781 3142 996 3229 ῥηθὲν
1049 3136 1482 3230 παράδειγμα.
1567 3138 1851 3224 εἰκότως
1912 3136 2035 3216 οῦν
2085 3149 2197 3212 καὶ
2249 3138 2480 3212 εἰκόνα
2540 3137 2756 3212 αὐτὸν
2808 3148 2817 3229 Ι
2877 3147 3040 3212 »τοῦ
3100 3147 3271 3212 θεοῦ
3305 3152 3389 3209 90

651 3245 778 3310 τοῦ
819 3235 1156 3327 ἀοράτου«
1213 3236 1571 3325 ἀποκαλεῖ,
1629 3240 1738 3314 διὰ
1781 3242 1863 3314 τὸ
1916 3247 2029 3313 »ἐν
2068 3248 2299 3331 μορφῇ
2344 3246 2547 3311 θεοῦ(
2598 3237 2949 3330 ὑπάρχειν,
3002 3248 3117 3311 καὶ
3160 3238 3269 3309 διὰ

651 3338 734 3410 τὸ
785 3336 1256 3429 »ἀπαύγασμαι
1305 3340 1476 3411 εἶναι
1525 3348 1670 3413 »καὶ
1708 3348 2106 3430 χαρακτῆρα
2151 3347 2273 3431 τῆς
2313 3337 2813 3422 ῦποστάσεωςι.
2900 3338 3009 3410 διὰ
3054 3344 3270 3411 ταῦτα
3306 3344 3376 3400 70

652 3436 778 3527 γὰρ
805 3446 960 3526 περὶ
989 3435 1202 3511 αύτοῦ
1231 3436 1519 3528 γράφων
1550 3444 1776 3529 ἔλεγεν
1825 3436 1941 3525 »ὅς
1984 3447 2169 3513 ἐστιν
2198 3442 2405 3513 εἰκών
2434 3446 2560 3512 τοῦ
2588 3446 2759 3511 θεοῦ
2788 3446 2917 3512 τοῦ
2944 3435 3267 3527 ἀοράτου.

548 3552 618 3609 30
649 3534 1100 3623 πρωτότοκος
1154 3537 1376 3627 πάσης
1418 3545 1730 3624 κτίσεως,
1795 3536 1907 3611 ὅτι
1968 3546 2041 3613 ἐν
2085 3538 2275 3630 αύτῷ
2322 3544 2603 3622 ἐκτίσθη
2648 3536 2734 3609 τὰ
2779 3535 3008 3609 πάντα
3065 3537 3151 3609 τὰ
3195 3541 3271 3609 ἐν

651 3634 967 3725 οὐρανοῖς
1009 3648 1122 3709 καὶ
1169 3636 1256 3711 τὰ
1287 3643 1396 3709 ἐπὶ
1427 3644 1550 3727 τῆς
1579 3646 1717 3729 γῆς,
1765 3646 1901 3713 εἴτε
1930 3635 2145 3730 ὁρατὰ
2194 3645 2331 3710 εἴτε
2365 3634 2646 3725 ἀόρατα,
2690 3643 2827 3709 εἴτε
2856 3634 3103 3725 θρόνοι
3132 3641 3268 3708 εἴτε

649 3734 1044 3826 κυριότητες
1073 3742 1206 3809 εἴτε
1235 3734 1433 3826 ἀρχαὶ
1477 3744 1610 3811 εἴτε
1656 3744 1975 3825 ἐξουσίαι·
2022 3740 2107 3811 τὰ
2150 3736 2381 3811 πάντα
2412 3734 2504 3809 δι’
2552 3734 2765 3809 αὐτοῦ
2792 3746 2903 3809 καὶ
2934 3744 3027 3819 είς
3056 3733 3271 3808 αὐτὸν

650 3838 974 3907 ἔκτισται·
1017 3844 1128 3907 καὶ
1173 3833 1378 3920 αύτός
1421 3841 1608 3909 ἐστιν
1649 3837 1784 3929 πρὸ
1829 3836 2121 3911 πάντων
2162 3844 2274 3910 καὶ
2304 3838 2455 3927 (tit)
2487 3832 2719 3907 πάντα
2762 3841 2840 3907 ἐν
2882 3832 3073 3925 αύτῷ
3118 3857 3267 3907 συν-

819 4058 854 4112 2
895 4056 1172 4121 Ga1.3,20
1207 4086 1274 4097 —
1308 4056 1345 4113 5
1381 4056 1616 4123 Hebr.4‚
1636 4060 1704 4113 14
1737 4087 1804 4097 ——
1840 4059 1878 4115 8
1910 4058 2077 4114 Hebr.
2098 4061 2145 4126 1,
2167 4061 2271 4113 23
2303 4086 2371 4097 -
2408 4057 2485 4113 12
2524 4056 2645 4111 Joh.
2671 4061 2722 4125 1,
2754 4058 2787 4111 3
2814 4084 2875 4095 -
2899 4055 2973 4111 18
2992 4055 3271 4121 Joh.1‚1o

647 4187 714 4195 —
755 4158 830 4212 14
864 4158 890 4211 I
925 4158 1054 4214 Kor.
1090 4160 1139 4219 8.
1175 4160 1208 4211 6
1243 4188 1310 4197 —
1348 4159 1424 4214 16
1458 4158 1622 4213 Hebr.
1660 4163 1706 4219 1,
1731 4162 1764 4214 2
1799 4189 1867 4199 —
1904 4160 2027 4215 201
2056 4160 2169 4229 vgl.
2206 4159 2387 4214 Nr.32
2429 4188 2497 4199 —
2546 4157 2626 4214 28
2662 4158 2688 4211 Ι
2722 4158 2861 4211 Tim.
2898 4158 2946 4225 6,
2982 4157 3051 4213 16
3084 4186 3152 4195 —
3190 4156 3269 4212 26

649 4260 773 4314 Kol.
815 4264 858 4321 1,
895 4262 961 4314 15
996 4289 1063 4299 -
1108 4257 1183 4313 27
1225 4258 1369 4312 Phil.
1409 4261 1456 4326 2,
1494 4260 1528 4315 6
1570 4290 1638 4299 -
1690 4261 1768 4317 28
1812 4258 1979 4315 Hebr.
2021 4264 2065 4327 1,
2102 4262 2135 4315 3
2177 4290 2244 4300 —
2300 4261 2378 4317 29
2416 4259 2540 4315 Kol.
2578 4263 2625 4323 1,
2663 4260 2862 4315 15—17

816 4461 854 4515 4
892 4454 1095 4516 ἑαυτὸν
1115 4459 1213 4522 W,
1241 4476 1377 4513 corr.
1399 4460 1476 4511 V2
1503 4462 1512 4527 Ι
1541 4461 1620 4516 20
1651 4456 1750 4516 ἵνα
1775 4463 1852 4530 μὴ
1878 4476 2300 4525 καταπεσοντες
2324 4460 2396 4513 Kl
2416 4460 2560 4514 nach
2578 4460 2670 4515 Mo
2689 4460 2803 4529 vgl.
2816 4460 2867 4514 S.
2878 4459 3057 4525 6837.
3080 4460 3165 4525 93,
3185 4462 3265 4513 14.

649 4562 765 4625 112,
803 4564 870 4615 14
931 4562 940 4629 1
1005 4561 1081 4615 21
1139 4556 1233 4616 ἐπὶ
1275 4578 1313 4631 g
1357 4557 1538 4617 t‘moV
1603 4564 1610 4629 Ι
1677 4561 1753 4617 25
1807 4558 2137 4617 ὑποστάντα
2174 4562 2249 4627 V,
2306 4578 2442 4618 corr.
2480 4562 2551 4615 Kl
2616 4562 2627 4629 1
2692 4562 2771 4618 28
2822 4564 3160 4633 χαρακτῆρα
3212 4578 3267 4614 m

649 4664 944 4734 χαρακτὴρ
983 4662 1032 4716 V
1097 4666 1105 4729 Ι
1171 4662 1248 4717 83
1299 4663 1399 4717 καὶ
1434 4660 1560 4730 <τὰ>
1597 4660 1786 4719 πάντα
1823 4662 1897 4716 ΚῙ
1932 4662 2041 4733 vgl.
2078 4663 2331 4733 Register
