3694 5582
673 445 784 508 152
1753 433 1760 440 ¹
1837 435 2105 492 Eusebius

666 595 1134 689 ἐλεγχόμενος(
1183 609 1294 672 καὶ
1362 605 1524 686 wig,
1586 598 1708 671 ἐὰν
1757 607 1988 683 καλῶς
2030 606 2189 689 γένῃ
2233 605 2527 687 σεαυτῷ,
2569 596 2779 679 καλὸς
2816 599 2937 718 θἔσῃ
2980 603 3093 667 καὶ
3134 615 3281 680 τοῖς
3315 609 3381 664 35

667 707 980 788 πλησίον·
1022 699 1142 772 ἐὰν
1185 705 1256 772 δὲ
1298 699 1506 782 κακὸς
1551 695 1836 788 ἀποβῆς,
1881 695 2091 789 μόνος
2136 696 2489 788 ἀντλήσεις
2532 696 2621 770 τὰ
2662 694 2895 769 κακάι.
2978 703 3179 786 μυρία
3220 694 3279 768 δ’

669 798 753 870 ἀν
795 805 906 870 καὶ
952 795 1158 883 αὐτὸς
1201 799 1476 883 τούτοις
1519 827 1720 889 ομοια
1777 795 1938 870 καθ’
1992 798 2238 871 εαυτὸν
2298 794 2437 868 ἀπὸ
2498 804 2621 888 τῆς
2680 805 2914 883 βίβλου
2959 803 3109 868 τῶν
3148 804 3283 868 Πα-

665 906 954 988 ροιμιῶν
1011 895 1390 986 ἀναλέξαις,
1459 895 1551 972 δι’
1618 891 1722 970 ῶν
1791 929 1830 970 ο
1893 895 2095 989 λόγος
2157 906 2473 986 φαίνεται
2541 905 2807 986 νηπίοις
2878 895 3001 980 τὰς
3072 895 3287 986 ψυχὰς

599 1013 631 1065 5
666 995 1349 1090 προσδιαλεγόμενος.
1436 991 1624 1072 οὕτω
1683 1005 1796 1069 καὶ
1841 1005 2097 1089 Μωσῆς
2154 997 2590 1086 παιδαγωγὸς
2642 1003 2789 1068 τῶν
2841 994 3113 1068 ἀτελῶν
3164 996 3287 1081 τὰς
3322 1010 3553 1076 361162

669 1105 919 1187 φρένας
961 1095 1313 1189 ὑπάρχων,
1360 1093 1658 1188 ούρανοῦ
1697 1103 1810 1168 καὶ
1855 1104 1973 1188 γῆς
2016 1106 2127 1169 καὶ
2172 1103 2295 1187 τῆς
2346 1105 2495 1170 τῶν
2539 1092 2816 1185 ὁρατῶν
2860 1101 3288 1186 δημιουργίας

669 1197 1183 1289 ἐμνημόνευσεν,
1245 1193 1329 1270 ού
1386 1197 1521 1287 μὴν
1569 1203 1680 1267 καὶ
1733 1205 2017 1280 κτίσεως
2082 1193 2393 1287 ἀγγέλων
2460 1193 2617 1270 οὐδὲ
2668 1203 2881 1268 θείων
2932 1197 3287 1285 δυνάμεων

671 1295 827 1370 οὐδὲ
869 1295 1284 1388 πνευμάτων
1327 1293 1566 1387 άγίων,
1621 1304 1724 1387 τῷ
1779 1295 1871 1387 μὴ
1912 1315 2161 1386 χωρεῖν
2200 1327 2315 1368 πω
2360 1296 2490 1386 τὴν
2534 1294 2809 1367 τούτων
2854 1301 3286 1368 διδασκαλίαν

671 1398 832 1481 τοὺς
875 1394 1064 1486 αύτῷ
1109 1403 1724 1486 μαθητευομένους.
1813 1393 2097 1479 εἰκότως
2141 1403 2506 1484 τοιγαροῦν
2548 1406 2663 1468 καὶ
2706 1391 2744 1468 0‘
2798 1400 2873 1467 ἐν
2917 1416 3064 1478 ταῖς
3105 1405 3281 1484 Παρ-
3316 1414 3383 1468 37

563 1511 634 1568 10
673 1505 920 1587 οιμίαις
962 1494 1163 1586 λόγος
1205 1493 1303 1578 ῶς
1343 1495 1688 1580 τοιούτοις
1733 1491 1870 1567 ἀπὸ
1916 1503 2065 1567 τῶν
2107 1505 2261 1584 περὶ
2304 1502 2433 1587 γῆν
2476 1490 2663 1585 ἀρῶν
2708 1525 2786 1568 τε
2837 1503 2950 1568 καὶ
3008 1503 3283 1583 βουνῶν

669 1603 781 1667 καὶ
822 1602 1066 1684 πηγῶν
1112 1591 1209 1678 ῶς
1253 1592 1388 1668 ἀπὸ
1431 1601 1976 1685 γνωριμωτέρων
2028 1595 2159 1686 τὴν
2208 1602 2643 1668 διδασκαλίαν
2686 1600 3013 1682 ἐποιεῖτο,
3078 1626 3175 1681 ως
3216 1599 3286 1684 ἐξ

671 1691 1068 1784 ύποβάθρας
1105 1691 1476 1784 ἀρξάμενος
1517 1699 1630 1766 ἐπὶ
1674 1694 1759 1766 τὰ
1803 1703 2097 1782 κρείττω
2140 1691 2693 1785 χειραγωγήσειεν
2738 1695 2899 1777 τούς
2942 1701 3283 1785 παιδαγω-

670 1801 1055 1885 γουμένους,
1101 1790 1238 1867 ἀπό
1284 1823 1360 1866 τε
1402 1801 1549 1865 τῶν
1593 1801 2056 1916 σμικροτέρων
2098 1799 2208 1868 ἐπὶ
2252 1795 2339 1867 τὰ
2384 1791 2703 1882 θειότερα
2754 1800 3119 1881 διαβαίνειν
3161 1823 3285 1867 πα-

670 1892 1152 1984 ρασκευάσειεν.
1237 1901 1454 1966 ταῦτα
1495 1899 1618 1984 μὲν
1661 1883 1812 1980 οὖν,
1860 1901 1916 1966 εἰ
1956 1899 2167 1984 μηδέν
2207 1923 2312 1978 τις
2352 1900 2526 1985 πέρα
2570 1900 2693 1984 τῆς
2742 1901 2989 1981 λέξεως
3029 1921 3283 1981 περιερ-
3318 1909 3391 1964 38

570 2007 634 2061 15
669 1991 969 2083 γάζοιτο·
1013 1999 1073 2066 εἰ
1115 1998 1186 2064 δε
1227 1989 1611 2081 βαθύτερόν
1653 2023 1759 2077 τις
1799 2001 1915 2066 καὶ
1958 1999 2175 2064 ταῦτα
2220 2012 2405 2066 νοεῖν
2448 1999 2697 2078 ἐθέλοι,
2744 2023 2825 2065 ου
2866 2000 3132 2084 μᾶλλον
3173 1999 3283 2067 ἐπὶ

673 2093 833 2176 τοὺς
875 2087 1308 2175 ἀποστόλους
1358 2089 1402 2182 ἢ
1463 2097 1573 2165 ἐπὶ
1632 2089 1897 2176 πάντας
1958 2093 2119 2176 τούς
2176 2093 2466 2166 πώποτε
2528 2100 2931 2183 γενομένους
2992 2100 3289 2176 δικαίους

669 2201 782 2264 καὶ
823 2205 1173 2280 θεοφιλεῖς
1217 2190 1468 2282 ἄνδρας
1511 2189 1686 2265 αὐτὰ
1735 2196 2097 2279 ἐκδέξεται,
2154 2190 2538 2281 διαβήσεται
2590 2199 2663 2264 δὲ
2704 2197 2985 2265 ἐνθένδε
3024 2201 3139 2264 καὶ
3180 2197 3290 2264 ἐπὶ

671 2291 796 2375 τὰς
838 2299 1029 2374 θείας
1071 2300 1183 2364 καὶ
1214 2289 1565 2382 ἀγγελικάς
1595 2290 1927 2382 δυνάμεις,
1973 2285 2100 2380 ὄρη
2139 2299 2359 2380 λέγων
2396 2299 2507 2364 καὶ
2536 2291 2824 2375 βουνοὺς
2867 2295 3288 2364 αἰνίττεσθαι
3376 2371 3379 2376 ,

672 2387 979 2481 ἀγγέλων
1021 2397 1135 2462 καὶ
1176 2389 1612 2481 ἀρχαγγέλων
1653 2401 1766 2463 καὶ
1808 2389 2229 2481 πνευμάτων
2286 2400 2508 2464 θείων
2568 2390 2927 2480 διαφοράς,
2990 2389 3285 2481 θρόνους

569 2499 637 2554 20
674 2519 750 2562 τε
790 2498 902 2562 καὶ
945 2487 1352 2579 κυριότητας
1394 2499 1505 2562 καὶ
1550 2487 1755 2579 ἀρχὰς
1797 2499 1909 2562 καὶ
1952 2497 2273 2576 ἐξουσίας,
2320 2485 2431 2563 ὅτι
2472 2489 2555 2581 δὴ
2598 2499 2711 2562 καὶ
2753 2497 2973 2563 ταῦτα
3022 2490 3285 2564 »πάντα
3320 2507 3394 2562 39

675 2589 805 2676 [τά]
841 2585 931 2662 δι’
978 2586 1192 2662 αὐτοῦ
1221 2597 1333 2662 καὶ
1377 2595 1472 2673 εἰς
1515 2586 1764 2662 αὐτὸν(
1799 2595 2112 2663 ἐκτίσθαι
2152 2598 2267 2662 καὶ
2301 2591 2474 2678 »πρὸ
2514 2589 2839 2663 πάντων(
2874 2588 3088 2663 αὐτὸν
3118 2593 3287 2664 εἶναι

676 2687 952 2762 τούτων
996 2683 1034 2760 ὁ
1078 2698 1268 2774 θεῖος
1311 2694 1609 2776 ἐδίδαξεν
1653 2687 2069 2776 ἀπόστολος,
2116 2693 2319 2764 ἔνθεν
2363 2688 2458 2774 ῶς
2500 2690 2677 2774 εἰκὸς
2722 2686 3134 2781 ὁρμώμενος,
3180 2691 3290 2763 διὰ

675 2788 756 2862 τὸ
771 2796 1120 2908 ‘Myso-9021
1179 2793 1252 2862 ἐν
1296 2786 1572 2873 τούτοις
1613 2795 1688 2861 ἐκ
1730 2791 2111 2881 προσώπου
2154 2796 2281 2862 τοῦ
2340 2794 2495 2864 υἱοῦ
2554 2798 2681 2863 τοῦ
2740 2798 2912 2863 θεοῦ
2970 2790 3052 2863 τὸ
3120 2789 3287 2919 »πρὸ

675 2894 802 2961 τοῦ
847 2882 970 2979 ὄρη
1015 2890 1456 3011 ἑδρασθῆναι,
1519 2888 1656 2978 πρὸ
1717 2896 1789 2961 δὲ
1854 2888 2147 2963 πάντων
2189 2897 2466 2976 βουνῶν
2521 2897 2725 2983 γεννᾷ
2782 2920 2920 2980 pe«.
3024 2892 3111 2963 τὰ
3168 2898 3291 2981 μὲν

571 3010 639 3063 25
675 2981 798 3061 οῦν
843 2987 1019 3062 ἄλλα
1063 2983 1398 3079 ἡδράσθαι
1442 2990 1597 3078 ε’φη,
1658 2986 1875 3079 μόνον
1936 2997 2009 3062 δὲ
2052 2988 2265 3062 αυτὸν
2308 2996 2751 3080 γεγεννῆσθαι
2788 2988 2923 3078 πρὸ
2972 2998 3095 3081 τῆς
3144 2998 3291 3061 τῶν

675 3095 1141 3177 δηλωθέντων
1200 3085 1601 3171 συστάσεως.
1707 3090 1893 3161 οἶδεν
1954 3095 2025 3161 δὲ
2094 3088 2225 3179 τὴν
2284 3088 2695 3179 ἐπουράνιον
2764 3084 3181 3180 Ἰερουσαλὴμ
3252 3086 3289 3162 ὁ
3322 3108 3400 3162 40

673 3185 882 3271 αὐτὸς
933 3183 1322 3271 ἀπόστολος
1379 3194 1492 3260 καὶ
1552 3187 1636 3260 τὸ
1689 3184 2011 3279 οὐράνιον
2056 3182 2215 3277 ὅρος
2259 3183 2365 3277 ἐφ’
2412 3180 2470 3278 ᾧ
2534 3187 2793 3278 ταύτην
2856 3191 3026 3262 εἷναί
3086 3214 3292 3282 φησιν

674 3294 893 3378 λέγων
944 3285 1540 3378 »προσεληλύθατε
1582 3288 1777 3359 Σιῶν
1829 3281 1971 3377 ὄρει
2028 3297 2139 3359 καὶ
2191 3286 2390 3360 πόλει
2439 3295 2611 3361 θεοῦ
2652 3295 2946 3377 ζῶντος,
2988 3285 3293 3377 Ἰερουσα-

675 3385 807 3477 λὴμ
851 3392 1256 3477 ἐπουρανίῳ,
1298 3396 1412 3457 καὶ
1453 3384 1763 3477 μυριάσιν
1805 3384 2135 3476 ἀγγέλων,
2179 3387 2548 3477 πανηγύρει
2591 3394 2704 3460 καὶ
2747 3392 3063 3481 ἐκκλησία
3105 3418 3291 3477 πρω-

572 3505 639 3559 30
674 3483 992 3559 τοτόκων
1062 3483 1683 3577 ἀπογεγραμμένων
1761 3489 1837 3557 ἐν
1911 3483 2281 3577 ούρανοῑςι.
2394 3494 2506 3558 καὶ
2576 3486 2853 3559 τούτων
2923 3496 3289 3577 τοιγαροῦν

673 3582 1010 3659 ἁπάντων
1050 3583 1516 3674 προῦπάρχων
1576 3581 1614 3657 ὁ
1677 3592 1804 3657 τοῦ
1864 3592 2034 3657 θεοῦ
2090 3586 2462 3678 μονογενὴς
2520 3585 2666 3671 υἱὸς
2726 3586 2815 3659 τὰ
2868 3594 2991 3677 τῆς
3042 3594 3292 3670 οἰκείας

673 3682 1068 3775 ἀπορρήτου
1107 3684 1486 3775 γεννήσεως
1531 3689 2115 3775 ἐπικεκρυμμένως
2157 3686 2267 3759 διὰ
2311 3694 2459 3758 τῶν
2502 3694 2901 3776 Παροιμιῶν
2952 3692 3063 3761 81¹·
3106 3686 3290 3775 ᾐνίτ-

672 3814 852 3857 τετο.
935 3792 1046 3856 καὶ
1092 3778 1202 3857 ὅτι
1243 3814 1318 3874 γε
1361 3793 1578 3857 ταῦτα
1619 3780 1953 3872 ὑπέβαλλε
2012 3804 2223 3871 νοεῖν,
2286 3791 2499 3876 δῆλον
2562 3785 2647 3857 ἂν
2698 3792 2968 3877 γένοιτο
3021 3784 3138 3876 ἀφ’
3187 3779 3287 3858 ῶν
3320 3802 3391 3855 41

675 3883 1000 3956 συνάπτει
1061 3888 1210 3975 ἑξῆς
1271 3891 1492 3972 λέγων
1569 3880 1806 3973 »ἡνίκα
1868 3880 2231 3975 ἧτοίμαζεν
2290 3884 2420 3958 τὸν
2480 3882 2783 3975 οὐρανὸν
2840 3884 3287 3977 συμπαρὴμην

572 4002 638 4056 35
673 3980 920 4074 αύτῷι.
1007 3988 1176 4056 ἔνθα
1220 3979 1258 4055 ὁ
1302 4000 1610 4073 γενναῖος
1655 3990 1804 4055 τῶν
1855 3992 2142 4073 γραφῶν
2195 3986 2515 4075 ἑρμηνεὺς
2572 3982 3049 4069 ἀποκλεισθεὶς
3110 3988 3287 4075 ἔστη,

845 4155 877 4209 1
920 4153 1078 4210 Prov.
1115 4157 1163 4219 9,
1202 4156 1268 4208 12
1299 4184 1366 4195 —
1403 4154 1504 4210 511⁹
1535 4154 1644 4225 vgl.
1681 4154 1732 4209 S.
1771 4156 1887 4219 127,
1923 4158 2005 4210 11.
2042 4156 2125 4213 28.
2179 4159 2295 4224 143,
2330 4156 2457 4212 26ff
2484 4186 2551 4195 —
2589 4156 2729 4213 19st
2758 4154 2881 4212 Kol.
2920 4158 2968 4222 1,
3006 4158 3085 4213 16.
3125 4158 3188 4210 17
3224 4184 3291 4194 —

675 4255 754 4311 23
790 4254 1015 4325 Ρτον.8,
1035 4256 1102 4311 25
1136 4286 1204 4295 —
1240 4256 1318 4312 28
1355 4254 1519 4310 Hebr.
1557 4257 1638 4323 12,
1674 4257 1756 4311 22.
1793 4256 1861 4311 23
1896 4285 1963 4295 —
2004 4256 2082 4312 34
2119 4257 2277 4313 Prov.
2317 4258 2367 4325 8,
2404 4258 2469 4312 27

820 4408 852 4462 1
898 4410 1088 4471 καλῶς
1125 4446 1135 4457 .
1175 4447 1188 4461 .
1222 4403 1417 4475 καλὸς]
1456 4410 1649 4477 σοφῶς
1683 4446 1697 4459 .
1736 4444 1749 4459 .
1786 4404 1967 4475 σοφὸς
2001 4406 2149 4461 LXX
2195 4410 2205 4475 Ι
2266 4408 2302 4463 4
2336 4403 2597 4474 ἀναλέξει
2632 4410 2742 4478 (-ξη
2778 4408 2873 4477 V2)
2910 4408 2977 4475 V,
3014 4424 3151 4462 corr.
3185 4406 3293 4462 We

683 4510 688 4575 Ι
751 4508 824 4563 21
872 4506 944 4563 τὰ
979 4510 1076 4563 str.
1108 4506 1188 4561 V²
1248 4508 1258 4574 Ι
1323 4504 1500 4562 αὐτὸν
1535 4525 1573 4577 g
1615 4504 1802 4563 αὐτῶν
1837 4508 1888 4561 V
1954 4510 1963 4576 Ι
2028 4508 2105 4565 22
2160 4503 2328 4564 ἔνθεν
2364 4504 2443 4575 ὣς
2494 4510 2565 4563 Kl
2618 4510 2729 4579 vgl.
2766 4509 2859 4566 Mo
2894 4526 2946 4564 u.
2982 4508 3037 4564 8.
3074 4510 3189 4577 110,
3226 4510 3293 4563 22

674 4606 886 4673 ἐνθέως
921 4609 970 4661 V
1027 4610 1035 4677 Ι
1100 4608 1175 4664 25
1214 4610 1459 4679 δρᾶσθαι
1496 4609 1561 4673 V,
1599 4626 1734 4665 corr.
1769 4608 1924 4663 Zahn
1988 4611 1997 4678 1
2063 4606 2235 4691 αὐτὸν
2269 4613 2613 4681 γεγενῆσθαι
2651 4612 2700 4664 V
