3694 5582
1145 497 1214 553 de
1248 496 1620 554 ecclesiastiea.
1653 499 1939 569 theologia
1972 499 2029 554 11
2062 501 2145 556 20.
2180 501 2265 554 21.
2910 509 3022 571 131

519 657 603 730 τὸ
654 659 822 748 »ἐγώ
867 665 1000 750 εἰμι
1045 655 1082 732 3
1127 658 1301 745 33¹²«,
1348 658 1605 732 ταύτὸν
1649 654 1853 745 αὖθις
1904 670 2059 751 περὶ
2101 669 2228 734 τοῦ
2268 662 2533 754 πατρὸς
2576 672 2793 753 λέγειν
2839 695 3020 757 νομι-

521 756 874 849 σθησεται·
936 757 1262 849 ἑκάτερον
1307 766 1378 832 δὲ
1421 760 1700 833 τούτων
1743 757 1987 846 ἀσεβές.

395 864 613 930 ταῦτα
655 863 729 930 δὲ
771 866 999 948 λέγων
1043 855 1126 947 [3]
1175 857 1382 943 αὐτὸς
1426 861 1724 950 ἑκατέρῳ
1780 869 2299 952 περιπέπτωκεν
2352 868 2523 953 <τῷ>
2577 860 2846 954 ἀτόπῳ,
2904 865 3019 936 ἕνα
3054 876 3089 930 6

392 965 516 1046 μὲν
559 953 950 1049 ὁριζόμενος
1006 961 1174 1032 εἶναι
1230 959 1358 1032 τὸν
1411 954 1611 1046 ὄντα,
1673 959 1979 1050 θάτερον
2038 967 2112 1032 δὲ
2174 958 2603 1052 α’ρνούμενος.
2688 971 2801 1035 καὶ
2862 972 3018 1035 τίνα

321 1071 356 1124 5
395 1065 652 1132 τοῦτον
695 1055 905 1142 αὐτὸς
949 1089 1036 1130 αν
1077 1064 1299 1150 εἰδείη.
1369 1056 1414 1150 ἢ
1454 1058 1580 1149 γὰρ
1609 1059 1736 1132 τὸν
1778 1069 2041 1148 πατέρα
2086 1061 2244 1144 δοὺς
2286 1060 2414 1133 τὸν
2458 1061 2606 1133 υἱὸν
2636 1059 3019 1152 ἀρνήσεται,

395 1187 436 1247 η
484 1155 612 1232 τὸν
655 1157 810 1230 υἱὸν
851 1157 1068 1248 μόνον
1109 1159 1655 1250 παραδεξάμενος
1709 1156 2031 1249 άθετήσει
2083 1159 2210 1233 τὸν
2268 1168 2557 1249 πατέρα·
2625 1170 2890 1251 μᾶλλον
2951 1169 3022 1233 δὲ

397 1251 556 1330 οὔτε
597 1265 864 1344 πατέρα
909 1288 1070 1332 ουτε
1113 1259 1264 1332 υἱὸν
1308 1261 1506 1342 εἰδώς
1549 1258 2049 1350 ἐλεγχθήσεται,
2094 1260 2213 1332 ἕνα
2255 1259 2473 1350 μόνον
2524 1261 2748 1344 διδοὺς
2789 1259 2917 1333 τὸν
2962 1258 3021 1331 δ’

397 1361 634 1445 ἕτερον
677 1359 997 1431 ἐκποδών
1039 1356 1378 1448 μεθιστάς.
1463 1357 1595 1431 κᾶν
1646 1357 1861 1448 ἀκούῃ
1918 1365 1989 1432 δὲ
2041 1367 2365 1449 λέγοντος
2426 1367 2553 1432 τοῦ
2611 1367 2783 1433 θεοῦ
2848 1360 3017 1449 »ἐγώ

392 1457 625 1546 κύριος
670 1453 709 1530 3
752 1454 916 1540 θεός
960 1480 1117 1543 σου,
1162 1454 1202 1529 3
1245 1459 1596 1548 ἐξαγαγών
1639 1483 1712 1530 σε
1755 1463 1830 1530 ἐκ
1872 1466 1995 1549 γῆς
2038 1459 2417 1548 Αἰγύπτου,
2479 1464 2553 1548 ἐξ
2610 1466 2805 1532 οἴκου
2865 1466 3017 1532 δου-

290 1573 358 1626 10
393 1566 592 1641 λείας.
679 1554 804 1630 ούκ
869 1560 1142 1630 ἔσονταί
1195 1582 1303 1630 σοι
1359 1565 1509 1632 θεοὶ
1573 1560 1790 1649 ἕτεροι
1847 1558 2037 1649 πλὴν
2096 1564 2327 1649 ἐμοῦι,
2388 1557 2601 1632 πάλιν
2658 1556 3017 1633 κάνταῦθα
3052 1572 3083 1624 7

392 1656 483 1746 μὴ
528 1663 982 1744 ταραττέσθω
1028 1655 1159 1747 τὴν
1201 1656 1428 1747 ψυχὴν
1471 1654 1646 1731 ἀλλὰ
1689 1664 1802 1730 καὶ
1847 1665 1995 1730 τῶν
2026 1661 2177 1749 ἑξῆς
2206 1665 2645 1750 συνημμένων
2676 1657 3017 1730 άκουέτω·

395 1757 611 1828 εἰπών
655 1757 784 1846 γὰρ
851 1753 1011 1828 »ούκ
1056 1760 1326 1828 ἔσονταί
1371 1782 1480 1831 σοι
1523 1764 1677 1830 θεοὶ
1723 1761 1945 1848 ἕτεροι
1986 1759 2171 1849 πλὴν
2224 1765 2457 1850 ἐμοῦε,
2518 1757 2851 1849 ἐπήγαγεν
2901 1755 3019 1830 »ού

392 1853 696 1945 ποιήσεις
740 1863 1006 1946 σεαυτῷ
1051 1859 1344 1930 εἴδωλον
1387 1853 1543 1928 οῦδὲ
1587 1856 1853 1941 παντὸς
1897 1853 2233 1948 ὁμοίωμα,
2298 1855 2423 1931 ὅσα
2476 1865 2550 1931 ἐν
2592 1866 2697 1950 τῷ
2742 1855 3015 1948 ούρανῷ

395 1954 546 2026 ἄνω
589 1963 702 2027 καὶ
748 1949 873 2027 ὅσα
917 1960 990 2027 ἐν
1044 1963 1132 2045 τῇ
1175 1963 1258 2044 γῇ
1311 1953 1506 2028 κάτω
1564 1964 1678 2027 καὶ
1732 1951 1859 2028 ὅσα
1910 1962 1985 2030 ἐν
2046 1975 2194 2041 τοῖς
2242 1953 2479 2031 ύδασιν
2520 1955 2851 2032 υποκάτω
2893 1964 3017 2047 τῆς

289 2069 356 2122 15
392 2061 528 2144 γῆς.
613 2051 696 2126 ού
737 2052 1226 2145 προσκυνήσεις
1267 2051 1502 2139 αύτοῑς
1557 2053 1714 2128 οὐδὲ
1765 2055 1857 2146 μὴ
1920 2057 2302 2146 λατρεύσεις
2362 2054 2617 2143 αὐτοῖς
2690 2059 2825 2146 ἐγώ
2888 2055 3014 2147 γάρ

392 2161 522 2241 εἰμι
565 2153 793 2244 κύριος
838 2149 876 2225 3
930 2153 1096 2238 θεός
1147 2176 1302 2239 σου,
1363 2153 1592 2244 κύριος
1653 2154 2021 2246 ςηλωτήςι.
2106 2151 2270 2250 δρᾷς
2332 2153 2525 2240 ὅπως
2585 2163 3009 2230 διεστέλλετο
3044 2168 3080 2223 8

389 2252 479 2343 μὴ
523 2261 611 2342 τῇ
655 2262 804 2326 τῶν
845 2261 1080 2326 ἐθνῶν
1130 2262 1460 2350 πολυθέῳ
1513 2252 1742 2343 πλάνη
1795 2253 2328 2345 συναπάγεσθαι,
2390 2253 2610 2346 μόνον
2666 2263 2740 2328 δὲ
2799 2255 3013 2329 αὐτὸν

391 2359 638 2425 εἰδέναι
678 2352 852 2426 θεὸν
893 2360 1006 2425 καὶ
1050 2352 1302 2441 κύριον.
1389 2362 1496 2437 τίς
1545 2351 1602 2424 δ’
1635 2346 1744 2444 ἦν
1805 2347 2044 2440 οὗτος;
2104 2351 2143 2426 3
2202 2354 2347 2439 υἱὸς
2406 2356 2536 2446 τὴν
2598 2353 2826 2429 εἰκόνα
2886 2362 3015 2429 τοῦ

389 2450 652 2540 πατρὸς
699 2456 874 2542 ἔχων
918 2457 993 2524 ἐν
1037 2453 1263 2542 ἑαυτῷ
1309 2457 1379 2539 ἐξ
1423 2451 1823 2538 αύθεντεὶας
1877 2483 1955 2526 τε
2000 2451 2211 2526 αὐτοῦ
2253 2473 2401 2538 τοῖς
2445 2461 3015 2544 εἰδωλολατρείαν

287 2563 356 2618 20
391 2558 710 2624 νοσοῦσιν
753 2558 970 2624 ταῦτα
1015 2549 1564 2641 διαταττόμενος.
1651 2551 1748 2636 οὖς
1803 2552 1933 2642 γὰρ
1983 2551 2249 2626 »πάντα
2293 2549 2385 2624 δι’
2428 2551 2643 2626 αὐτοῦ
2685 2559 3013 2644 ἐγένετοι,

391 2657 517 2722 τοῦ
577 2650 837 2741 πατρὸς
899 2651 1006 2724 διὰ
1067 2658 1194 2725 τοῦ
1255 2659 1567 2742 σωτῆρος
1627 2653 1854 2774 τήν
1819 2661 1968 2725 τῶν
2027 2661 2338 2744 γενητῶν
2391 2649 2727 2726 ἁπάντων
2778 2648 3017 2724 οὐσίαν

389 2747 972 2841 υποστησαμένου,
1039 2757 1048 2841 Ι
1115 2747 1343 2835 οὕτως
1404 2749 1609 2835 αὐτὸς
1669 2781 1756 2842 ην
1816 2748 1855 2824 3
1908 2753 2137 2844 πατὴρ
2194 2753 2327 2843 τὴν
2371 2759 2462 2837 εἰς
2502 2750 2719 2825 αύτὸν
2758 2758 3016 2844 γνῶσίν
3054 2767 3171 2823 189

390 2880 466 2923 τε
511 2858 624 2921 καὶ
668 2850 1000 2937 εὐσέβειαν
1044 2850 1152 2925 διὰ
1195 2861 1484 2979 μεσίτου
1517 2859 1644 2923 τοῦ
1685 2857 1836 2926 υἱοῦ
1864 2853 2281 2942 παραδιδοὺς
2312 2850 2729 2943 ανθρώποις.
2801 2860 3012 2926 τοῦτο
3048 2868 3081 2922 9

391 2956 462 3022 δὲ
503 2958 616 3023 καὶ
661 2945 699 3022 3
745 2946 1137 3035 ἀπόστολος
1179 2948 1413 3035 αὐτοῖς
1448 2949 1737 3041 ῥήμασιν
1784 2951 2123 3036 Γαλάταις
2166 2951 2449 3043 γράφων
2492 2958 2867 3035 ἐδίδασκεν,
2926 2947 3009 3023 δι’
3038 3042 3047 3049 .

292 3063 354 3119 25
391 3044 492 3121 ὧν
537 3052 667 3139 ἔφη
718 3046 794 3122 »3
841 3047 1048 3142 νόμος
1091 3057 1428 3140 διαταγεὶς
1472 3048 1555 3122 δι’
1599 3049 1941 3142 ἀγγέλων,
1987 3057 2063 3124 ἐν
2096 3060 2265 3143 χειρὶ
2308 3060 2604 3141 μεσίτου.
2690 3046 2727 3123 3
2790 3058 2863 3123 δὲ
2902 3079 3009 3140 με·

389 3157 577 3241 σίτης
621 3148 772 3233 ἑνὸς
816 3146 942 3224 ούκ
986 3154 1198 3236 ἔστιν,
1261 3146 1301 3223 3
1361 3156 1435 3222 δὲ
1486 3150 1652 3233 θεὸς
1711 3152 1802 3234 εἷς
1856 3158 2099 3223 ἐστινι.
2183 3148 2316 3224 κᾶν
2360 3159 2517 3241 λέγῃ
2580 3156 2793 3223 »ἴδετε
2834 3156 3011 3223 ἰ’δετε
3045 3170 3115 3224 10

391 3242 502 3321 ὅτι
545 3250 678 3339 ἐγώ
725 3256 872 3339 εἰμι,
916 3258 1028 3321 καὶ
1071 3246 1196 3321 ούκ
1239 3252 1426 3321 ἔστιν
1467 3250 1632 3331 θεὸς
1674 3250 1859 3341 πλὴν
1902 3256 2125 3339 ἐμοῦε,
2168 3249 2380 3324 πάλιν
2423 3247 2462 3322 3
2504 3250 2735 3340 πατὴρ
2778 3242 2866 3339 ἦν
2914 3246 3011 3332 ὥς

389 3348 502 3421 διὰ
544 3345 807 3432 εἰκόνος
848 3358 962 3420 καὶ
1003 3356 1281 3438 μεσίτου
1327 3348 1435 3420 διὰ
1480 3356 1606 3421 τοῦ
1647 3352 1798 3421 υιοῦ
1840 3357 2055 3422 τοῦτο
2110 3348 2414 3437 φάσκων.
2499 3356 2559 3423 εἰ
2612 3349 2739 3438 γὰρ
2784 3347 2866 3437 δὴ
2910 3354 3011 3419 λέ-

391 3478 638 3537 γοντος
679 3454 804 3540 μὲν
843 3444 1112 3520 Ἡσαΐου
1161 3455 1289 3521 τοῦ
1331 3446 1700 3538 προφήτου
1765 3450 1986 3531 »υἱους
2036 3454 2361 3539 ἐγέννησα
2402 3457 2515 3522 καὶ
2558 3442 2835 3535 ῦψωσαι
2901 3454 3011 3519 καὶ

289 3560 356 3614 30
388 3544 600 3620 πάλιν
650 3544 936 3638 »Ἰσραὴλ
983 3553 1060 3619 δέ
1097 3577 1178 3638 με
1221 3544 1348 3619 ούκ
1391 3551 1588 3636 ἔγνω,
1629 3555 1743 3620 καὶ
1787 3543 1827 3620 3
1871 3546 2037 3631 λαός
2078 3576 2179 3671 με.
2202 3546 2286 3620 ού
2314 3555 2635 3639 συνῆκεν(
2670 3554 2783 3620 καὶ
2812 3539 3013 3629 αὖθις

395 3649 564 3735 »ἐγώ
607 3653 817 3719 πᾶσιν
860 3665 1010 3731 τοῖς
1061 3646 1340 3735 αστροις
1391 3644 1857 3738 ἐνετειλάμην,
1920 3656 2033 3719 καὶ
2091 3656 2179 3737 τῇ
2235 3656 2405 3737 χειρί
2461 3676 2594 3737 μου
2642 3651 3011 3735 ἐστερέωσα

388 3746 518 3818 τὸν
561 3743 894 3834 ούρανὸνι
943 3754 1056 3819 καὶ
1099 3740 1225 3820 ὅσα
1272 3746 1443 3818 αλλα
1500 3744 1961 3832 τοιαῦτα,ού
2019 3746 2146 3819 τὸν
2187 3742 2456 3820 Ἡσαΐαν
2513 3752 2732 3818 ταῦτα
2791 3750 3011 3836 λέγειν

391 3844 712 3937 φήσομεν,
757 3842 840 3917 δι’
887 3842 1100 3919 αὐτοῦ
1141 3851 1214 3918 δὲ
1261 3846 1388 3919 τὸν
1433 3851 1506 3917 ἐν
1551 3843 1738 3936 αύτῷ
1785 3853 2127 3919 λαλοῦντα
2172 3843 2371 3932 θεόν,
2426 3843 2571 3935 ούχὶ
2617 3845 2698 3935 δὴ
2740 3853 2852 3917 καὶ
2900 3849 3009 3917 ἐπὶ

389 3952 516 4017 τοῦ
557 3953 972 4035 μονογενοῦς
1013 3950 1166 4017 υἱοῦ
1207 3953 1332 4019 τοῦ
1374 3951 1544 4017 θεοῦ
1569 3942 1890 4035 πρέποι”
1852 3973 1938 4015 αν
1967 3944 2095 4017 τὸν
2122 3952 2385 4037 πατέρα
2414 3940 2499 4017 δι’
2530 3942 2743 4018 αὐτοῦ
2767 3951 3009 4034 χρῆναι

288 4054 352 4109 35
387 4051 608 4117 ταῦτα
649 4044 1234 4137 διαμαρτύρασθαι
1277 4051 1389 4121 73*
1435 4064 1582 4127 τοῑς
1624 4052 1774 4117 τῶν
1817 4050 2116 4117 τοιῶνδε
2152 4043 2742 4136 παραγγελμάτων
2786 4050 3007 4133 δεομέ-

562 4266 593 4321 1
632 4264 731 4321 Ex.
769 4268 924 4331 3,14
957 4295 1024 4307 -
1057 4266 1094 4322 8
1127 4265 1240 4337 vgl.
1277 4264 1370 4321 Nr.
1406 4267 1474 4322 68
1507 4294 1574 4304 —
1611 4264 1709 4320 Ex.
1746 4266 1828 4332 20,
1866 4266 1914 4320 2.
1950 4268 1983 4321 3
2017 4296 2084 4306 -
2124 4266 2201 4321 12
2237 4264 2335 4320 Ex.
2373 4266 2456 4331 20,
2491 4268 2524 4321 3
2559 4296 2626 4305 -
2662 4264 2761 4321 Ex.
2788 4266 2936 4335 20,4.
2974 4269 3009 4322 5

385 4394 448 4406 —-
505 4364 585 4421 20
635 4366 879 4436 Joh.1,3
929 4397 998 4407 —
1051 4368 1128 4424 25
1183 4366 1306 4422 Gal.
1343 4369 1392 4435 3,
1430 4368 1509 4423 19.
1549 4368 1618 4423 20
1667 4396 1734 4406 -·
1783 4366 1859 4423 26
1892 4368 2006 4437 vgl.
2040 4366 2132 4421 Nr.
2168 4368 2237 4424 68
2269 4396 2337 4406 —-
2386 4366 2548 4423 Deub.
2584 4370 2667 4433 32,
2702 4370 2769 4425 39
2813 4398 2882 4407 —
2925 4368 3005 4424 20

384 4466 490 4523 Jes.
529 4470 580 4534 1,
613 4468 646 4522 2
686 4496 748 4509 -·
785 4468 864 4525 80
897 4467 1004 4523 Jes.
1041 4470 1090 4535 1,
1125 4470 1158 4523 3
1193 4499 1260 4508 —
1297 4468 1370 4525 81
1410 4468 1522 4525 ὗσε.
1553 4470 1637 4535 45,
1674 4470 1742 4523 12

555 4662 908 4723 assia-,m
971 4670 981 4737 Ι
1043 4668 1268 4741 τῷΨο
1331 4670 1341 4737 Ι
1406 4666 1796 4739 ὅῆΚΙεΖἿ
1860 4670 1871 4737 Ι
1935 4664 2397 4727 2821K101‘2v
2464 4670 2473 4737 Ι
2536 4666 3004 4809 38δὴ9516ὲῗ
