3694 5582
647 494 726 556 32
1822 483 2089 540 Eusebius

649 655 931 738 γοῦντα,
993 647 1169 738 μόνῃ
1214 678 1286 720 τε
1335 654 1630 741 ἐνεργείᾳ
1671 649 2013 736 προϊόντα
2056 655 2183 721 τοῦ
2224 646 2513 735 πατρός,
2558 647 2655 732 ῶς
2698 645 2783 720 ἂν
2823 656 2936 720 καὶ
2972 645 3156 740 ἡμεῖς
3198 679 3267 720 τι

645 745 1203 836 προστάττοντες
1247 752 1320 818 ἐν
1363 757 1468 840 τῷ
1516 755 1735 836 λέγειν
1778 777 1846 819 τι
1888 757 2001 821 καὶ
2044 761 2277 822 λαλεῖν
2323 747 2811 839 ἐνεργήσαιμεν.
2884 743 2993 820 ὅτι
3034 747 3103 821 δ’
3144 747 3269 822 οῦκ

623 847 737 919 ’ἄν
779 877 883 930 τις
937 841 1124 919 οῦτω
1177 876 1250 937 γε
1313 853 1494 920 εἴποι
1553 849 1708 920 υἱὸν
1769 851 1941 920 εἶναι
2000 847 2129 920 τὸν
2190 848 2605 938 σημαντικὸν
2663 856 2775 920 καὶ
2834 849 3271 939 ἐνεργητικὸν

650 944 860 1037 λόγον
903 957 1114 1020 παντί
1157 977 1261 1036 τῳ
1307 953 1532 1038 δῆλον.
1605 945 1646 1019 ὁ
1689 954 1762 1018 δὲ
1790 954 2003 1021 τοῦτο
2033 948 2191 1032 δοὺς
2234 953 2345 1021 ἐπὶ
2374 955 2504 1022 τοῦ
2530 956 2716 1035 θεοῦ,
2758 945 2884 1021 οῦκ
2913 947 3044 1022 οἶδ’
3078 946 3269 1033 ὅπως

579 1062 612 1114 5
649 1045 776 1119 τὸν
815 1048 906 1138 μὴ
948 1045 1318 1136 ὑφεστῶτα
1379 1044 1592 1138 λόγον
1651 1049 1782 1137 τὴν
1843 1045 2055 1138 σάρκα
2118 1043 2556 1136 ἀνειληφέναι
2615 1056 2727 1119 καὶ
2787 1052 3133 1138 ἐνεργῆσαι
3194 1053 3269 1119 ἐν

647 1143 820 1236 αὐτῇ
865 1171 1073 1237 φησιν
1115 1155 1224 1220 καὶ
1279 1145 1442 1220 τότε
1487 1147 1786 1234 Χριστὸν
1828 1153 2145 1235 γενέσθαι
2206 1156 2314 1218 καὶ
2360 1144 2613 1238 Ἰησοῦν
2672 1155 2783 1220 καὶ
2834 1154 3108 1234 βασιλέα
3158 1156 3269 1219 καὶ
3338 1167 3373 1221 3

647 1244 878 1318 εἰκόνα
921 1253 1050 1318 τοῦ
1091 1253 1259 1319 θεοῦ
1299 1254 1412 1318 καὶ
1470 1245 1826 1336 ἀγαπητὸν
1878 1254 1989 1318 καὶ
2052 1247 2204 1320 υἱὸν
2264 1253 2781 1338 δεδοξασμένον,
2842 1255 2957 1319 καὶ
3016 1250 3097 1336 δὴ
3158 1257 3271 1318 καὶ

647 1343 1106 1434 πρωτότοκον
1149 1345 1366 1435 πάσης
1394 1355 1699 1431 κτίσεως,
1742 1346 1832 1436 μὴ
1876 1340 2047 1419 ὄντα
2074 1343 2434 1436 πρότερον,
2478 1343 2641 1418 τότε
2686 1353 3003 1436 γενέσθαι
3030 1355 3271 1436 καίπερ

648 1442 769 1533 οῦχ
811 1443 1200 1534 ῦφεστῶτα·
1244 1448 1328 1518 τὸ
1375 1445 1885 1535 δὲ.παρ’ἆδοξον
1907 1453 2055 1518 *τοῦ
2098 1443 2321 1534 λόγου,
2368 1445 2706 1534 ἄρξασθαί
2747 1475 2821 1537 γε
2855 1443 2993 1519 ἀπὸ
3038 1475 3272 1534 τετρα-

546 1559 613 1615 10
645 1551 902 1617 κοσίων
941 1543 1098 1616 οὐδὲ
1142 1541 1332 1619 ὅλων
1375 1551 1558 1618 ἐτῶν
1603 1545 1879 1618 τούτων
1920 1542 2259 1618 ἁπάντων
2302 1555 2414 1618 καὶ
2442 1543 2652 1619 πάλιν
2681 1545 2961 1618 τούτων
2992 1542 3272 1634 ἀθρόως

646 1642 1123 1770 παυθῆσεσθαι
1165 1645 1332 1736 μετὰ
1363 1645 1490 1720 τὸν
1513 1652 1638 1735 τῆς
1679 1655 1965 1734 κρίσεως
2008 1643 2266 1736 καιρόν,
2313 1651 2439 1717 τοῦ
2479 1653 2603 1736 μὲν
2646 1642 2859 1735 λόγου
2901 1647 3273 1734 ἑνουμένου

648 1751 751 1832 τῷ
795 1751 972 1835 θεῷ,
1036 1776 1132 1829 ως
1182 1752 1387 1836 μηδὲν
1442 1749 1676 1833 ἕτερον
1719 1748 1893 1818 εἶναι
1933 1745 2117 1836 πλὴν
2161 1751 2288 1818 τοῦ
2329 1751 2523 1830 θεοῦ,
2585 1751 2707 1834 τῆς
2766 1750 2841 1816 δὲ
2906 1743 3155 1836 σαρκὸς
3196 1737 3275 1834 ἧς

649 1838 1010 1933 ἀνείληφεν
1039 1844 1291 1935 ἐρήμου
1321 1853 2049 1968 καταλειφθησομένης
2076 1841 2211 1917 ὑπὸ
2242 1851 2369 1918 τοῦ
2400 1843 2625 1935 λόγου,
2658 1875 2755 1928 ως
2780 1844 2951 1964 μήτε
2979 1845 3107 1918 τὸν
3122 1845 3275 1916 υἱὸν

648 1949 777 2016 τοῦ
822 1952 991 2016 θεοῦ
1035 1942 1194 2017 τότε
1225 1943 1614 2033 υφεστάναι,
1658 1943 1830 2034 μήτε
1874 1945 2003 2018 τὸν
2030 1945 2181 2018 υἱὸν
2210 1953 2337 2017 τοῦ
2364 1943 2747 2033 ανθρώπου
2776 1974 2859 2017 ον
2888 1942 3275 2035 ανείληφεν.

547 2057 612 2112 15
647 2051 758 2114 καὶ
807 2044 888 2134 δὴ
933 2050 1026 2127 εἰς
1072 2051 1284 2117 τοῦτο
1332 2052 1571 2128 τέλους
1615 2052 2086 2166 καταστρέφει,
2134 2042 2367 2136 ῶσπερ
2408 2051 2913 2134 κεκωφωμένος
2952 2051 3067 2116 καὶ
3102 2040 3275 2134 μήτε
3338 2057 3381 2110 4

649 2151 776 2215 τοῦ
816 2139 1103 2233 ἀγγέλου
1150 2144 1445 2234 Γαβριὴλ
1491 2141 1782 2228 ἀκούων,
1827 2140 2424 2234 εὐαγγελιζομένου
2478 2143 2607 2233 τὴν
2651 2142 2995 2217 θεοτόκον
3036 2151 3275 2230 σαφῶς

647 2271 722 2314 τε
765 2251 878 2314 καὶ
922 2242 1288 2367 διαρρήδην
1329 2252 1482 2332 περὶ
1512 2249 1640 2315 τοῦ
1670 2248 1740 2330 ἐξ
1783 2240 1994 2333 αὐτῆς
2025 2249 2533 2335 τεχθησομένου
2575 2251 2687 2314 καὶ
2738 2247 2847 2314 »ἐκ
2892 2249 3275 2332 σπέρματος

646 2349 852 2414 Δαυὶδ
919 2344 1094 2416 κατὰ
1147 2339 1394 2431 σάρκας
1453 2349 2037 2432 προελευσομένου
2106 2342 2495 2431 φάσκοντος
2570 2343 2755 2416 »ἰδοὺ
2826 2341 3147 2466 συλλήψῃἴ
3202 2347 3275 2413 ἐν

644 2451 882 2530 γαστρὶ
924 2451 1036 2513 καὶ
1098 2449 1254 2530 τέξῃ
1298 2439 1477 2527 υἱόν,
1540 2449 1655 2514 καὶ
1705 2449 2005 2525 καλέσεις
2058 2441 2141 2516 τὸ
2196 2436 2413 2533 ὄνομα
2464 2441 2681 2516 αὖτοῦ
2720 2440 2989 2532 Ἰησοῦν.
3070 2433 3276 2524 οὗτος

545 2551 614 2606 20
647 2543 834 2613 ἔσται
875 2549 1076 2631 μέγας
1118 2551 1232 2613 καὶ
1275 2540 1422 2624 υἱὸς
1465 2539 1760 2627 ὑψίστου
1804 2541 2251 2632 κληθήσεται,
2306 2552 2417 2614 καὶ
2470 2544 2667 2615 δώσει
2721 2540 2909 2632 αυτῷ
2958 2569 3191 2629 κυριος
3235 2536 3272 2612 ὁ

646 2639 812 2722 θεὸς
854 2639 982 2712 τὸν
1024 2637 1290 2732 θρόνον
1336 2648 1541 2712 Δαυὶδ
1591 2649 1721 2714 τοῦ
1771 2641 2036 2732 πατρὸς
2090 2639 2332 2728 αὐτοῦ,
2393 2653 2506 2715 καὶ
2565 2641 2939 2729 βασιλεύσει
2992 2646 3102 2714 ἐπὶ
3145 2639 3273 2712 τὸν

649 2741 844 2813 οἷκον
885 2735 1117 2828 Ἰακώβ
1156 2745 1252 2823 εἰς
1304 2740 1464 2825 τοῦς
1528 2746 1808 2825 αἰῶνας,
1870 2750 1985 2814 καὶ
2042 2747 2165 2831 τῆς
2228 2753 2563 2830 βασιλείας
2624 2740 2839 2819 αὐτοῦ
2900 2737 3026 2814 οῦκ
3084 2741 3273 2812 ἔσται

647 2846 908 2923 τέλοςι,
950 2838 1120 2931 μήτε
1168 2840 1419 2930 Δανιὴλ
1465 2848 1590 2911 τοῦ
1633 2841 1929 2931 μεγάλου
1958 2841 2324 2932 προφήτου
2367 2842 2492 2925 τὰς
2522 2840 2763 2930 φωνὰς
2792 2850 3053 2925 συνιείς,
3100 2836 3272 2911 αὐτὰ

648 2946 867 3011 ταῦτα
909 2944 1556 3030 ἐπισφραγιζομένου
1599 2939 1692 3011 δι’
1741 2944 1843 3013 ῶν
1886 2946 1961 3014 ἐν
2006 2950 2177 3034 θείῳ
2230 2943 2565 3032 πνεύματι
2608 2941 3001 3029 προεφῶνει
3049 2947 3273 3029 λέγων

545 3050 612 3105 25
653 3046 800 3140 {acal
843 3040 990 3111 ἰδοῦ
1033 3038 1202 3128 μετὰ
1247 3048 1396 3111 τῶν
1438 3048 1750 3129 νεφελῶν
1794 3048 1923 3112 τοῦ
1965 3037 2261 3129 οὐρανοῦ
2302 3040 2451 3124 υἱὸς
2492 3039 2875 3131 ἇνθρῶπου
2915 3038 3271 3129 ἐρχόμενος

646 3131 760 3227 ἦν,
821 3147 934 3211 καὶ
996 3140 1125 3222 ἕως
1185 3146 1311 3211 τοῦ
1371 3148 1666 3214 παλαιοῦ
1727 3146 1877 3211 τῶν
1930 3150 1940 3223 Ι
1996 3138 2267 3230 ἡμερῶν
2319 3145 2660 3263 ἔφθασεν·
2712 3147 2824 3210 καὶ
2886 3145 3271 3229 ἔμπροσθεν
3304 3164 3389 3220 aa

648 3236 859 3310 αὐτοῦ
901 3245 1354 3329 προσηνέχθη.
1438 3246 1550 3312 καὶ
1591 3236 1780 3330 αὐτῷ
1826 3239 2037 3329 ἐδόθη
2092 3237 2199 3330 <ἧ>
2244 3237 2411 3331 ἀρχὴ
2454 3249 2566 3312 καὶ
2620 3236 2661 3329 ἦ
2713 3237 2871 3329 τιμὴ
2914 3246 3029 3310 καὶ
3070 3236 3111 3329 ἦ
3156 3246 3267 3322 βα·
3338 3268 3375 3321 5

647 3346 885 3424 σιλεία,
947 3346 1058 3409 καὶ
1119 3336 1376 3423 πάντες
1431 3344 1496 3412 οἱ
1541 3348 1726 3425 λαοί,
1791 3348 2023 3427 φυλαί,
2084 3347 2381 3429 γλῶσσαι
2422 3337 2611 3431 αὐτῷ
2656 3337 3153 3412 δουλεύσουσιν·
3224 3332 3268 3427 ἦ

647 3442 909 3522 ἐξουσία
953 3435 1167 3513 αὐτοῦ
1208 3444 1471 3527 ἐξουσία
1516 3440 1792 3523 αἰώνιος
1845 3437 1994 3531 ἥτις
2037 3437 2119 3510 οῦ
2170 3440 2673 3528 παρελεύσεται,
2726 3447 2839 3511 καὶ
2884 3436 2925 3528 ἦ
2971 3445 3267 3521 βασιλεία

543 3548 613 3604 30
649 3534 857 3609 αὐτοῦ
902 3535 983 3610 οῦ
1027 3537 1622 3628 διαφθαρήσεταιι.
1697 3535 1846 3611 ἀλλ’
1890 3536 2047 3611 οὐδὲ
2073 3536 2336 3623 Ἡσαΐας
2378 3536 2593 3611 αὐτὸν
2638 3543 2919 3623 ἔπεισεν,
2964 3542 3118 3626 περὶ
3150 3542 3271 3626 τῆς

649 3634 1104 3728 ἀτελευτήτου
1147 3646 1483 3723 βασιλείας
1525 3644 1650 3711 τοῦ
1703 3643 1855 3711 υἱοῦ
1908 3646 2035 3711 τοῦ
2087 3636 2467 3728 ἀνθρώπου
2529 3632 2661 3710 ὦδε
2720 3646 2833 3711 καὶ
2894 3634 3103 3719 αὐτὸς
3160 3644 3271 3705 θε·

648 3746 910 3824 σπίζων
959 3768 1106 3809 »οτι
1147 3743 1425 3810 παιδίον
1467 3735 1803 3827 ἐγεννήθη
1852 3735 2027 3828 ἡμῖν,
2073 3737 2217 3821 υἱὸς
2260 3746 2370 3811 καὶ
2414 3735 2624 3827 ἐδόθη
2670 3734 2845 3827 ἡμῖν,
2894 3726 2976 3808 οὗ
3018 3732 3060 3825 ἦ
3102 3731 3269 3823 ἀρχὴ
3338 3754 3373 3807 6

649 3841 758 3909 ἐπὶ
803 3844 929 3909 τοῦ
973 3834 1167 3927 ὤμου
1209 3835 1446 3921 αυτοῦ,
1509 3842 1620 3907 καὶ
1673 3850 1981 3909 καλεῖται
2032 3835 2115 3908 τὸ
2172 3831 2387 3927 ὄνομα
2432 3833 2645 3909 αυτοῦ
2686 3833 2979 3926 μεγάλης
3022 3840 3270 3923 βουλῆς

649 3936 956 4023 ἄγγελος,
1031 3937 1424 4047 θαυμαστὸς
1487 3935 1891 4024 σύμβουλος,
1955 3936 2121 4021 θεὸς
2181 3936 2446 4026 ἰσχυρὸς
2506 3932 2966 4025 ἐξουσιαστής,
3040 3960 3271 4023 αρχων

816 4157 898 4213 41
947 4158 1056 4228 vgl.
1094 4158 1185 4213 Nr.
1223 4161 1303 4215 37.
1342 4162 1410 4214 44
1445 4178 1496 4214 u.
1535 4158 1584 4213 S.
1621 4160 1671 4226 6,
1698 4159 1786 4212 lff
1814 4160 1897 4225 52,
1934 4158 2031 4214 6ff.
2087 4160 2169 4225 56,
2214 4158 2337 4215 261ῖ
2382 4188 2449 4197 -
2504 4157 2541 4213 8
2578 4157 2703 4211 ΚοΙ.
2742 4161 2789 4220 1,
2824 4158 2890 4211 15
2926 4184 2993 4195 -
3028 4155 3112 4212 ⁹1
3158 4153 3265 4224 vgl.

645 4258 736 4312 Nr.
765 4260 878 4315 102.
917 4261 1029 4315 103.
1068 4260 1168 4316 108
1203 4278 1253 4315 u.
1292 4260 1340 4314 S.
1362 4262 1409 4325 6,
1430 4261 1554 4315 1311·
1571 4266 1690 4313 u.6.
1727 4290 1792 4300 -
1833 4260 1905 4315 17
1948 4260 2223 4325 Rom.1‚3
2246 4290 2313 4301 —
2343 4258 2419 4315 18
2458 4259 2591 4313 Luk.
2614 4258 2875 4325 1‚31—-33
2908 4286 2977 4296 -
3012 4256 3091 4313 25
3128 4256 3265 4311 Dan.

648 4362 695 4426 7,
735 4362 813 4415 13.
853 4363 918 4414 14
957 4357 1018 4416 Θ’
1053 4392 1120 4400 -
1157 4362 1236 4417 82
1273 4361 1380 4417 Jes.
1419 4364 1469 4427 9,
1507 4364 1554 4418 6.
1593 4366 1622 4417 ‘s'

815 4561 852 4618 8
886 4563 1122 4628 κτίσεως
1158 4564 1230 4617 V¹
1267 4582 1314 4619 a.
1337 4564 1398 4618 R.
1449 4565 1456 4631 Ι
1509 4566 1548 4620 9
1585 4562 1644 4619 δὲ
1681 4564 1756 4617 V²
1789 4564 1854 4631 δὴ
1896 4562 1975 4615 V*
2026 4564 2035 4629 Ι
2092 4562 2169 4617 14
2206 4560 2349 4618 ποτὲ
2381 4579 2438 4617 m
2492 4562 2501 4630 1
2534 4562 2606 4617 27
2650 4560 2683 4631 ἦ
2724 4560 2792 4615 Kl
2823 4560 2972 4615 >nach
3010 4554 3071 4615 6⁹
3128 4561 3135 4627 Ι
3190 4558 3268 4613 80

647 4658 824 4721 αὐτόν
859 4683 914 4717 m
953 4658 1093 4721 αὐτὸ
1135 4666 1182 4719 V
1235 4668 1244 4733 Ι
1298 4666 1374 4721 31
1416 4660 1746 4737 ἀνθρώπου]
1781 4666 1927 4719 θεοῦ
1962 4682 2017 4717 m
