3694 5582
1194 497 1264 552 de
1298 494 1670 552 ecclesiastiea
1700 497 1985 568 theologia
2018 496 2097 550 111
2131 498 2181 553 2.
2880 507 2994 568 143

371 656 804 746 κοινωφελὴς
845 666 957 731 καὶ
1009 658 1348 752 σωτήριος
1397 667 1847 750 καθέστηκεν,
1912 657 1992 731 τὸ
2054 665 2373 751 μέγιστον
2414 669 2529 730 καὶ
2574 660 2997 748 τιμιώτατον

373 763 600 847 κτῆμα
644 765 771 831 τοῦ
812 759 1076 850 πατρὸς
1119 756 1446 849 ύπάρχων
1489 787 1566 830 τε
1607 765 1720 831 καὶ
1766 755 2265 848 ὠνομασμένος.
2340 755 2495 832 οῦδὲ
2539 758 2667 849 γὰρ
2712 759 2883 832 ἄλλο
2930 789 2997 831 τι

372 854 622 947 γένοιτ’
667 856 753 930 ἂν
795 867 1004 947 πατρὶ
1046 863 1198 932 υἱοῦ
1241 859 1648 948 τιμιώτερον
1689 865 1927 948 κτῆμα.
2002 863 2205 930 ἔνθεν
2234 866 2345 930 καὶ
2376 855 2415 930 δ
2445 854 2995 946 πρωτόπλαστος

371 955 569 1047 Ἀδὰμ
615 952 732 1030 ὅτε
777 957 905 1030 τὸν
949 963 1023 1030 ἐν
1069 957 1474 1050 ἀνθρώποις
1515 965 1802 1046 πρῶτον
1846 957 1999 1030 υἱὸν
2044 956 2398 1048 ἐκτήσατο,
2444 963 2690 1048 ἐλέχθη
2736 966 2847 1030 καὶ
2888 954 2991 1029 ἐπ’

301 1071 336 1124 5
372 1061 610 1147 ἐκείνῳ
678 1056 1098 1149 »ἐκτησάμην
1159 1058 1544 1148 ἄνθρωπον
1589 1056 1696 1130 διὰ
1740 1063 1867 1128 τοῦ
1909 1064 2137 1142 θεοῦι,
2201 1065 2322 1148 τῆς
2362 1053 2706 1148 Ἑβραϊκῆς
2752 1063 2994 1146 φωνῆς

371 1154 526 1229 ἀντὶ
569 1165 695 1229 τοῦ
760 1156 1212 1249 »ἐκτησάμηνι
1262 1170 1531 1230 κανιθει
1572 1155 2033 1248 περιεχούσης·
2094 1157 2177 1230 τὸ
2240 1165 2311 1230 δὲ
2361 1157 2766 1249 »ἐκτήσατοι
2814 1171 2993 1231 κανᾶ
3025 1167 3093 1224 22

367 1253 528 1346 παρ’
570 1252 894 1347 Ἑβραίοις
936 1261 1362 1346 ἐκφωνεῖται.
1433 1287 1658 1341 ουτως
1701 1261 1826 1330 οὐν
1868 1261 1979 1328 ἐπὶ
2025 1265 2149 1328 τοῦ
2191 1253 2477 1350 Ἀβραὰμ
2521 1264 2777 1348 εἴρηται
2829 1257 2995 1330 »τὸν

371 1355 616 1446 άγρὸν(
680 1384 802 1428 »ον
843 1355 1180 1448 ἐκτήσατο
1220 1354 1577 1448 Ἁβραάμι,
1625 1352 1782 1430 ἄνθ’
1829 1349 1912 1429 οὗ
1958 1355 2041 1428 τὸ
2082 1353 2429 1446 Ἑβραῖκὸν
2479 1387 2653 1430 κανα
2695 1365 2997 1448 περιέχει,

369 1463 496 1546 τῆς
541 1455 750 1546 αὐτῆς
793 1462 1041 1544 λέξεως
1081 1465 1388 1548 κειμένης
1430 1451 1592 1548 παρ’
1633 1453 1958 1546 Ἑβραίοις
1998 1465 2114 1528 καὶ
2156 1461 2231 1528 ἐν
2276 1464 2377 1546 τῷ
2429 1458 2693 1548 »κύριος
2736 1461 2997 1530 ἔκτισέν

268 1570 336 1625 10
371 1586 451 1646 με
497 1553 709 1646 ἀρχὴν
751 1551 940 1629 οδῶν
983 1552 1196 1630 αύτοῦ
1240 1560 1406 1640 εἰς”
1376 1585 1536 1647 εργα
1581 1552 1852 1628 αύτοῦι.
1937 1563 2049 1627 καὶ
2110 1529 2415 1630 ἐνταῦθα
2457 1558 2582 1648 γὰρ
2622 1564 2734 1633 77*
2786 1564 2997 1646 κειμέ-

371 1687 494 1746 νης
537 1661 659 1744 τῆς
701 1681 876 1726 κανα
924 1664 1188 1744 λέξεως,
1236 1656 1318 1729 τὸ
1368 1654 1774 1746 »ἐκτήσατω
1818 1653 2073 1738 πάντες
2115 1657 2507 1748 συμφώνως
2545 1657 2996 1730 ἐκδεδώκασιν

369 1761 435 1828 οἱ
492 1758 908 1846 ἑρμηνευταί·
968 1755 1053 1828 τὸ
1114 1762 1186 1829 δὲ
1253 1757 1586 1827 »ἔκτισενι
1653 1763 2155 1844 παραλέλεκται
2214 1753 2374 1844 παρ’
2418 1753 2758 1846 Ἑβραίοις,
2824 1750 2993 1846 ὅπερ
3028 1765 3095 1820 23

369 1853 454 1929 οὖ
493 1875 710 1928 κεῖται
753 1859 861 1927 ἐπὶ
905 1861 1030 1946 τῆς
1069 1863 1516 1946 προκειμένης
1567 1861 1844 1945 γραφῆς.
1930 1864 2217 1944 πλείστη
2281 1855 2347 1928 δ’
2394 1855 2481 1930 ἂν
2540 1864 2813 1947 γένοιτο
2869 1863 2997 1930 τοῦ

374 1959 710 2030 »ἔκτισενι
759 1965 871 2026 καὶ
916 1961 1042 2028 τοῦ
1090 1952 1499 2044 »ἐκτήσατοι
1551 1953 1847 2043 διαφορὰ
1894 1963 1997 2045 τῷ
2053 1955 2183 2045 τὴν
2226 1963 2351 2046 μὲν
2392 1966 2616 2029 κτίσιν
2658 1955 2834 2028 κατὰ
2865 1956 2997 2046 τὴν

263 2073 332 2127 15
366 2063 774 2148 κοινοτέραν
833 2053 1142 2129 διάνοιαν
1203 2056 1336 2145 τὴν
1394 2061 1468 2127 ἐκ
1527 2061 1654 2127 τοῦ
1713 2054 1800 2144 μὴ
1866 2048 2073 2138 ὄντος
2132 2059 2227 2138 εἰς
2291 2055 2375 2127 τὸ
2448 2058 2618 2129 εἶναι
2686 2055 2997 2147 πάροδον

371 2164 745 2247 σημαίνειν,
808 2156 937 2246 τὴν
991 2162 1062 2226 δὲ
1103 2161 1346 2244 κτῆσιν
1389 2161 1516 2228 τοῦ
1556 2152 2125 2245 προϋπάρχοντος
2170 2153 2557 2242 ἰδιάζουσαν
2599 2154 2989 2246 οἰκειότητα

367 2259 542 2344 πρὸς
601 2256 732 2328 τὸν
790 2255 1165 2346 κτώμενον.
1268 2262 1490 2344 λέγων
1549 2263 1788 2327 τοίνυν
1852 2251 1890 2327 ὁ
1952 2254 2096 2338 υἱὸς
2154 2263 2281 2326 τοῦ
2341 2263 2511 2328 θεοῦ
2573 2254 2657 2329 τὸ
2724 2256 2991 2344 »κύριος
3026 2261 3093 2315 24

369 2353 701 2444 ἐκτήσατο
745 2384 823 2444 με
867 2352 1081 2446 ἀρχὴν
1124 2351 1310 2427 ὁδῶν
1340 2351 1552 2426 αύτοῦ
1589 2359 1683 2437 εἰς
1713 2358 1871 2444 ἔργα
1900 2351 2173 2439 αύτοῦι,
2220 2349 2391 2444 ὁμοῦ
2432 2362 2545 2426 καὶ
2576 2355 2705 2445 τὴν
2733 2353 2991 2443 προῦπ-

369 2467 562 2544 αρξιν
606 2452 818 2528 αὐτοῦ
859 2454 1108 2544 ἐδήλου
1153 2461 1265 2526 καὶ
1311 2453 1442 2544 τὴν
1488 2451 1875 2542 ἰδιάζουσαν
1913 2451 2087 2544 πρὸς
2118 2453 2243 2526 τὸν
2272 2462 2537 2545 πατέρα
2581 2452 2991 2543 οἰκειότητα,

265 2567 334 2624 20
369 2550 544 2645 ὁμοῦ
584 2561 698 2626 καὶ
742 2552 824 2625 τὸ
866 2553 1211 2643 χρήσιμον
1262 2563 1375 2625 καὶ
1427 2550 1798 2642 ἀναγκαῖον
1858 2559 1981 2643 τῆς
2034 2559 2283 2638 οἰκείας
2342 2561 2495 2644 περὶ
2555 2554 2642 2628 τὰ
2702 2562 2993 2644 πατρῷα
3031 2560 3148 2618 154

371 2660 529 2745 ἔργα
571 2663 902 2744 προνοίας
945 2684 1020 2726 τε
1063 2661 1174 2724 καὶ
1219 2651 1629 2743 διοικήσεως.
1715 2651 1820 2724 διὸ
1869 2655 2017 2743 ἑξῆς
2062 2651 2292 2743 ἐπάγει
2348 2654 2519 2744 »πρὸ
2570 2660 2699 2726 τοῦ
2740 2660 2994 2736 αἰῶνος
3027 2663 3094 2717 25

369 2759 821 2846 ἐθεμελίωσέν
861 2784 960 2845 με,
1005 2758 1078 2826 ἐν
1123 2749 1291 2843 ἀρχῇ
1320 2751 1455 2841 πρὸ
1500 2758 1626 2825 τοῦ
1655 2751 1786 2844 τὴν
1813 2759 1941 2844 γῆν
1967 2759 2264 2844 ποιῆσαι,
2302 2755 2440 2844 πρὸ
2471 2761 2599 2827 τοῦ
2626 2763 2994 2843 προελθεῖν

371 2856 494 2939 τὰς
538 2854 757 2945 πηγὰς
804 2862 952 2925 τῶν
991 2851 1292 2939 ὑδάτων,
1353 2851 1492 2941 πρὸ
1543 2859 1671 2925 τοῦ
1725 2846 1849 2943 ὄρη
1904 2855 2343 2944 ἑδρασθῆναι,
2403 2854 2541 2943 πρὸ
2595 2861 2667 2927 δὲ
2708 2851 2996 2926 πάντων

371 2962 650 3039 βουνῶν
693 2962 896 3047 γεννᾷ
938 2978 1084 3043 μει·
1130 2949 1212 3024 δι’
1259 2945 1363 3023 ὦν
1407 2949 1741 3025 ἁπάντων
1785 2952 1868 3025 τὸ
1913 2956 1984 3040 ἐξ
2027 2950 2241 3025 αὐτοῦ
2271 2962 2614 3038 λυσιτελὲς
2638 2960 2749 3025 καὶ
2794 2950 2997 3042 ἄναγ-

269 3068 336 3121 25
371 3076 568 3127 καῖον
615 3073 756 3139 τοῖς
799 3060 1008 3128 πᾶσιν
1049 3058 1494 3137 ἐνδείκνυται,
1551 3047 1662 3125 ότι
1703 3080 1780 3123 τε
1823 3044 1911 3141 ἧν
1954 3060 2066 3123 καὶ
2108 3061 2335 3144 προῆν
2374 3062 2487 3125 καὶ
2533 3060 2659 3125 τοῦ
2702 3051 2998 3143 σύμπαν

375 3184 498 3239 τος
540 3150 802 3245 κόσμου
841 3158 1276 3243 προῦπῆρχέν
1321 3181 1394 3224 τε
1438 3159 1552 3223 καὶ
1593 3162 1967 3241 καθηγεῐτο
2000 3150 2387 3242 ἀναγκαίως
2418 3150 2775 3225 διδάσκων.
2836 3158 2997 3221 Μω-

375 3262 549 3338 σέως
617 3254 743 3343 γὰρ
817 3258 892 3324 ἐν
960 3260 1048 3341 τῇ
1106 3258 1516 3343 κοσμοποιίᾳ
1575 3258 1724 3322 τῶν
1781 3258 1907 3339 μὲν
1974 3249 2452 3341 υπερκοσμίων
2524 3258 2634 3322 καὶ
2708 3246 3000 3337 ἀφανῶν

375 3352 726 3443 δυνάμεων
771 3360 1094 3444 μηδεμίαν
1135 3350 1406 3442 μνήμην
1445 3356 1912 3440 πεποιημένου
1953 3350 2063 3423 διὰ
2094 3349 2176 3421 τὸ
2208 3344 2442 3432 α’τελὲς
2472 3359 2623 3422 τῶν
2653 3346 2746 3421 δι’
2787 3346 3001 3419 αὐτοῦ

374 3459 1058 3543 παιδαγωγουμένων,
1105 3458 1232 3524 τοῦ
1261 3454 1335 3520 δὲ
1364 3444 1618 3538 ὁρατοῦ
1661 3447 1919 3540 κόσμου
1966 3450 2099 3539 τὴν
2143 3448 2458 3521 σύστασιν
2503 3447 2996 3535 διεξελθόντος,

275 3564 342 3619 30
372 3551 732 3643 τεττάρων
774 3581 848 3625 τε
893 3560 1247 3639 στοιχείων
1299 3554 1374 3621 ἐν
1437 3546 1603 3637 ἀρχῇ
1661 3547 2285 3639 μνημονεύσαντος,
2350 3545 2645 3638 ούρανοῦ
2704 3555 2818 3619 καὶ
2879 3552 2999 3636 γῆς

373 3662 486 3724 καὶ
547 3650 840 3739 ἀβύσσου
897 3658 1008 3724 καὶ
1067 3644 1346 3733 ῧδατος,
1417 3654 1528 3718 καὶ
1589 3646 1709 3719 δύο
1772 3654 1895 3738 μὲν
1953 3656 2373 3738 πεποιῆσθαι
2432 3646 2569 3721 ύπὸ
2630 3652 2757 3719 τοῦ
2827 3652 2999 3718 θεοῦ

376 3749 730 3844 εἰρηκότος
773 3756 916 3841 (ιέν
961 3746 1160 3839 α’ρχῇ«
1210 3746 1336 3838 γάρ
1382 3772 1590 3837 φησιν
1653 3751 2008 3837 »ἐποίησεν
2062 3778 2099 3819 ο
2152 3747 2318 3833 θεὸς
2372 3746 2503 3819 τὸν
2546 3743 2844 3835 οὐρανὸν
2887 3752 2999 3815 καὶ

375 3853 510 3943 τὴν
552 3858 774 3941 γῆνι),
842 3846 1069 3923 ούκέτι
1129 3854 1202 3918 δὲ
1264 3844 1515 3937 ὁμοίως
1564 3854 1676 3918 καὶ
1728 3852 1838 3919 ἐπὶ
1892 3854 2019 3919 τοῦ
2077 3844 2328 3929 υδατος
2378 3854 2490 3918 καὶ
2542 3852 2666 3935 τῆς
2709 3842 3000 3931 άβύσσου

377 3958 808 4043 μνησθέντος
867 3980 963 4033 ως
1017 3948 1145 4039 ἄρα
1198 3952 1300 4036 ειη
1342 3955 1455 4018 καὶ
1514 3952 1732 4019 ταῦτα
1792 3944 2069 4037 γενητά,
2134 3943 2281 4020 ἀλλ’
2346 3942 2586 4030 ἅπλῶς
2646 3942 3000 4035 εἰρηκότος

279 4058 344 4113 35
385 4060 532 4123 »καὶ
576 4048 823 4134 σκότος
866 4046 1098 4121 ἐπάνω
1144 4053 1268 4137 τῆς
1313 4044 1628 4132 ἀβύσσου·
1671 4056 1784 4118 καὶ
1826 4053 2093 4133 πνεῦμα
2137 4052 2309 4118 θεοῦ
2352 4050 2719 4133 ἐπεφέρετο
2763 4039 2999 4115 ἐπάνω

550 4221 631 4278 51
662 4222 797 4276 Gen.
832 4224 884 4287 4,
919 4224 950 4275 1
987 4248 1055 4259 -
1104 4220 1133 4275 7
1175 4218 1308 4274 Gen.
1335 4218 1420 4286 25,
1460 4218 1524 4273 10
1565 4248 1632 4257 —-
1668 4218 1707 4273 9
1743 4216 1904 4272 Prov.
1940 4217 1991 4285 8,
2027 4218 2093 4273 22
2127 4245 2196 4256 —-
2252 4216 2560 4272 lltProv.
2594 4216 2645 4283 8,
2680 4216 2747 4270 22
2798 4244 2865 4254 -
2921 4212 3000 4269 14

379 4325 537 4379 Prov.
574 4324 624 4386 8,
669 4324 738 4379 22
778 4350 846 4362 -
902 4321 974 4376 17
1033 4318 1193 4374 Prov.
1228 4320 1279 4386 8,
1312 4319 1380 4374 22
1434 4347 1503 4358 —-
1547 4320 1622 4374 21
1679 4318 1839 4374 Prov.
1877 4320 1927 4381 8,
1962 4318 2031 4373 23
2081 4347 2148 4357 —
2203 4317 2341 4373 261(
2384 4316 2495 4386 vgl.
2548 4316 2599 4372 S.
2636 4316 2761 4381 127,
2798 4316 2881 4370 11.
2916 4314 2999 4369 28.

380 4427 494 4490 152,
529 4428 564 4481 5
602 4452 668 4464 -
703 4423 781 4479 82
821 4422 955 4477 Gen.
990 4424 1040 4489 1,
1077 4423 1104 4476 1
1143 4450 1210 4459 --
1246 4419 1326 4477 85
1361 4420 1496 4475 Gen.
1533 4423 1581 4487 1,
1617 4422 1650 4474 2

558 4574 635 4632 18
671 4566 892 4630 ἔκτισεν
909 4571 973 4639 V,
1010 4587 1144 4626 corr.
1179 4568 1286 4625 We
1331 4572 1340 4639 Ι
1383 4570 1460 4625 22
1498 4570 1752 4640 ποιῆσαι]
1775 4576 1842 4634 -1-
1864 4570 1965 4624 καὶ
1998 4566 2112 4640 πρὸ
2148 4576 2253 4625 τοῦ
2284 4568 2387 4634 τὰς
2422 4566 2702 4641 ἀβύσσους
2724 4565 3001 4635 ποιῆσαιί>

383 4677 497 4747 vgl.
535 4694 579 4730 z.
614 4676 678 4730 B.
715 4676 766 4729 S.
805 4675 918 4739 138,
955 4675 1037 4730 21.
1083 4674 1199 4739 144,
1235 4672 1308 4726 41·
1364 4673 1374 4739 Ι
1439 4671 1517 4726 84
1555 4668 1786 4742 γένηται
1820 4671 1905 4725 V*
1941 4666 2184 4740 γεννητά
2221 4670 2297 4723 V²
