3694 5582
1208 472 1276 527 de
1311 473 1682 528 ecclesiastica
1714 472 2000 543 theologia.
2032 473 2108 526 III
2145 473 2192 527 3.
2894 483 3009 544 151

393 665 513 724 ρος
553 634 1002 724 ὖφίστασθαι;
1046 632 1298 708 οὐκοῦν
1346 643 1558 721 βίαιος
1603 641 1716 706 καὶ
1744 643 2341 726 κατηναγκασμένη
2372 643 2519 708 τῶν
2548 643 3014 726 προκειμένων

394 743 650 825 λέξεων
710 732 753 826 ἦ
804 741 914 808 ἐπὶ
968 736 1098 825 τὴν
1152 733 1363 824 σάρκα
1406 741 1534 808 τοῦ
1578 742 1883 825 σωτῆρος
1943 731 2277 824 ἇναφορᾶ.
2344 745 2353 824 Ι
2418 743 2567 820 πῶς
2628 742 2699 806 δὲ
2757 743 2868 807 καὶ
2929 735 3011 807 τὸ
3053 749 3161 804 161

400 841 644 930 »γεννᾷ
687 865 801 927 με(
853 831 1289 925 ἐφαρμόσειεν
1332 831 1482 923 (ἂν)
1527 842 1615 924 τῆ
1657 843 1887 924 σαρκί,·
1928 835 2064 925 πρὸ
2108 836 2235 926 γὰρ
2278 844 2427 908 τῶν
2458 843 2703 926 πηγῶν
2739 842 2847 906 καὶ
2878 835 3012 922 πρὸ

394 945 544 1011 τῶν
587 933 774 1025 ὀρῶν
817 943 930 1006 καὶ
988 934 1128 1024 πρὸ
1171 941 1320 1005 τῶν
1372 941 1645 1021 βουνῶν
1696 941 2141 1024 γεγεννῆσθαι
2188 939 2434 1025 ἔφησεν
2494 935 2739 1008 ἑαυτὸν
2800 937 3016 1007 εἰπών

323 1049 358 1103 5
400 1036 666 1126 »κύριος
710 1039 970 1109 ἔκτισέν
1012 1063 1090 1124 με
1133 1031 1348 1124 α’ρχὴν
1383 1028 1570 1106 ὁδῶν
1614 1030 1828 1106 αυτοῦ
1856 1037 2011 1118 είς”
1978 1063 2137 1124 εργα
2169 1032 2397 1120 αὐτοῦ,
2441 1035 2579 1125 πρὸ
2612 1041 2738 1107 τοῦ
2766 1039 3015 1118 αἰῶνος

393 1141 844 1225 ἐθεμελίωσέν
885 1165 1024 1226 μει.
1115 1140 1173 1206 εί
1234 1133 1318 1225 δὴ
1363 1125 1488 1206 οὖν
1568 1128 1589 1155 ‘
1547 1133 1814 1224 ησὰρξ
1874 1140 2092 1205 ταῦτα
2154 1131 2430 1221 φάσκοι,
2492 1165 2587 1217 ως
2606 1141 3013 1258 Μαρκέλλῳ
3049 1153 3117 1207 30

395 1242 600 1308 δοκεῖ
645 1243 798 1320 πῶς
839 1234 924 1309 τὸ
974 1232 1145 1324 »πρὸ
1191 1240 1262 1304 δὲ
1304 1231 1596 1305 πάντων
1639 1241 1906 1319 βουνῶν
1957 1241 2163 1326 γεννᾷ
2206 1261 2319 1322 με(
2380 1239 2560 1306 εἴποι
2604 1265 2690 1306 αν
2736 1231 2777 1323 ἦ
2824 1231 3015 1322 ocio&

393 1336 572 1406 ἔστω
617 1335 740 1424 γὰρ
785 1331 920 1424 πρὸ
974 1341 1122 1406 τῶν
1174 1329 1591 1407 ἀποστόλων
1650 1331 1691 1424 ἦ
1755 1331 1947 1421 σάρξ·
2020 1331 2195 1406 ἀλλὰ
2252 1340 2403 1418 πῶς
2464 1329 2635 1424 αὐτὴ
2694 1331 2829 1406 ὑπὸ
2889 1341 3018 1407 τοῦ

393 1441 568 1507 θεοῦ
609 1439 1052 1524 γεγεννῆσθαί
1095 1455 1298 1553 φησιν
1342 1432 1623 1523 {ommim
1666 1431 1747 1504 τὸ
1791 1440 1914 1524 μὲν
1957 1432 2083 1522 γὰρ
2128 1439 2435 1505 ἐκτίσθαι
2462 1432 2552 1523 μὴ
2599 1427 2807 1507 οὖσαν
2850 1430 3017 1522 πρό-

294 1552 360 1606 10
395 1563 603 1622 τερον
645 1532 778 1624 τὴν
819 1532 1036 1623 σάρκα
1077 1529 1294 1604 ἐδόκει
1337 1539 1722 1622 Μαρκέλλῳ
1767 1539 2004 1622 λέγειν.
2090 1537 2219 1623 ε’φη
2261 1532 2387 1622 γὰρ
3050 1553 3114 1607 31

519 1638 806 1720 (Nr.10)
868 1635 1131 1704 ἔκτισεν
1181 1628 1465 1722 αληθῶς
1525 1633 1608 1706 τὸ
1660 1631 1749 1722 μὴ
1796 1625 1879 1702 ὃν
1920 1634 2317 1722 πεποιηκώς
2362 1627 2401 1704 ὅ
2446 1630 2775 1723 δεσπότης
2819 1629 3015 1722 ἡμῶν

521 1730 560 1805 ὁ
603 1729 793 1815 θεός·
849 1730 973 1804 οὐκ
1017 1724 1226 1804 οὖσαν
1267 1731 1393 1821 γὰρ
1438 1731 1567 1822 τὴν
1609 1729 1849 1821 σάρκα,
1896 1728 1983 1821 ἣν
2035 1729 2398 1822 ἀνείληφεν
2451 1727 2490 1803 ὅ
2552 1729 2781 1822 λόγος,
2844 1730 3017 1806 ἀλλὰ

520 1832 610 1923 μὴ
657 1825 868 1905 οὖσαν
911 1834 1190 1904 ἔκτισεν.

396 1929 479 2002 τὸ
525 1937 646 2020 μὲν
690 1959 816 2003 ουν
860 1935 1167 2003 ἐκτίσθαι
1210 1931 1532 2021 ἔγνωμεν,
1577 1930 1660 2004 τὸ
1706 1936 1778 2001 δὲ
1820 1939 1933 2002 καὶ
1976 1937 2423 2021 γεγεννῆσθαι
2467 1927 2683 2021 αὐτὴν
2723 1928 2861 2004 υπὸ
2892 1937 3018 2002 τοῦ

299 2049 359 2102 15
394 2037 566 2103 θεοῦ
607 2038 759 2114 πῶς
801 2059 890 2100 αν
932 2027 1338 2150 αποδοθείη,
1385 2035 1512 2102 τοῦ
1556 2034 1865 2118 σωτῆρος
1911 2026 2107 2118 ἡμῶν
2160 2037 2484 2118 λέγοντος
2551 2029 2669 2102 »τὸ
2714 2058 3016 2150 γεγεννη-

393 2136 605 2218 μένον
646 2135 721 2201 ἐκ
764 2135 886 2220 τῆς
930 2127 1177 2218 σαρκὸς
1219 2127 1385 2248 σάρξ
1427 2133 1672 2212 ἐστινι,
1732 2134 1844 2200 καὶ
1889 2123 1927 2199 ὁ
1972 2124 2362 2213 ἀπόστολος
2406 2135 2481 2200 δέ
2521 2152 2727 2219 φησιν
2792 2127 3012 2218 »γενό-

393 2259 596 2319 μενος
646 2233 722 2300 ἐκ
785 2227 1124 2318 γυναικός,
1187 2224 1544 2319 γενόμενος
1603 2223 1738 2300 υπὸ
1803 2224 2075 2317 vduove.
2159 2235 2311 2312 πῶς
2364 2221 2488 2301 οὖν
2532 2225 2574 2318 ἦ
2618 2228 2782 2318 σαρξ
2824 2231 3013 2301 εἶπεν
3048 2247 3115 2300 32

396 2357 484 2400 αν
526 2335 678 2416 περὶ
721 2334 850 2400 τοῦ
893 2335 1064 2400 θεοῦ
1107 2335 1256 2400 τῶν
1299 2320 1488 2400 ολων
1531 2327 1614 2398 τὸ
1639 2325 1834 2454 :nob
1880 2333 1951 2398 δὲ
1995 2323 2291 2399 πάντων
2317 2335 2589 2413 βουνῶν
2634 2333 2834 2422 γεννᾷ
2863 2356 3014 2416 usq

397 2435 617 2500 ταῦτα
659 2434 782 2517 μὲν
827 2419 952 2500 οὖν
997 2458 1092 2510 ως
1135 2433 1576 2517 βεβιασμένην
1635 2429 1765 2515 ἔχει
1817 2426 1947 2516 τὴν
1992 2428 2345 2517 ἑρμηνείαν
2398 2429 2582 2519 οἶμαι
2641 2437 2854 2502 παντί
2912 2457 3013 2518 τῳ

297 2547 364 2603 20
395 2535 786 2614 καταφανὲς
829 2527 1018 2598 εἶναι.
1102 2523 1440 2613 ἇβιάστως
1501 2522 1565 2599 δ’
1613 2554 1698 2596 αν
1759 2529 1939 2598 ειποι
2000 2555 2102 2610 τις
2148 2525 2272 2599 τὸν
2314 2525 2465 2600 υιὸν
2526 2534 2652 2601 τοῦ
2695 2534 2863 2600 θεοῦ
2904 2537 3015 2600 καὶ

395 2632 546 2716 δίχα
589 2625 851 2708 παντὸς
896 2623 1344 2715 αλληγορικοῦ
1405 2622 1672 2714 τρόπου
1731 2631 1949 2698 ταῦτα
2010 2625 2488 2714 ἐπαληθεύειν,
2550 2633 2661 2702 80'
2704 2633 2846 2700 ἐπεὶ
2903 2637 3017 2701 καὶ

396 2735 518 2817 τῆς
564 2732 684 2818 γῆς
724 2731 1176 2817 προϋπῆρχεν,
1221 2717 1308 2815 ἦν
1352 2753 1429 2798 τε
1469 2732 1582 2798 καὶ
1625 2731 1853 2816 προῆν
1894 2725 2028 2815 πρὸ
2072 2733 2200 2797 τοῦ
2228 2737 2597 2813 προελθεῖν
2626 2727 2750 2811 τὰς
2792 2752 3015 2820 σωμα-

397 2826 589 2910 τικὰς
631 2826 853 2916 πηγὰς
895 2833 1044 2897 τῶν
1077 2822 1355 2897 ὑδάτων
1396 2832 1510 2899 καὶ
1551 2826 1688 2915 πρὸ
1736 2832 1887 2897 τῶν
1916 2831 2263 2917 αἰσθητῶς
2292 2834 2683 2916 λεγομένων
2709 2826 3019 2915 ἀβύσσων

397 2932 510 2999 καὶ
570 2924 707 3013 πρὸ
770 2932 896 2997 τοῦ
961 2931 1282 3014 συστῆναι
1341 2924 1425 2997 τὸ
1487 2932 1610 3015 τῆς
1661 2931 1782 3016 γῆς
1834 2931 2051 3017 σχῆμα
2110 2930 2186 2997 ἐν
2246 2944 2392 3009 τοῖς
2453 2934 2603 3000 τῶν
2661 2924 2847 3017 ὀρῶν
2903 2938 3016 3001 καὶ

299 3042 364 3100 25
399 3033 546 3098 τῶν
616 3032 891 3111 βουνῶν
960 3022 1446 3114 αναστὴμασιν·
1511 3022 1811 3095 »πάντ-α(
1878 3026 2005 3114 γὰρ
2078 3022 2204 3097 »δι’
2268 3023 2481 3099 αὐτοῦ
2536 3032 2831 3117 ἐγένετο,
2902 3037 3014 3100 καὶ

393 3135 603 3216 χωρὶς
647 3121 862 3196 αὐτοῦ
903 3127 1169 3213 ἐγένετο
1215 3120 1368 3196 οὐδὲ
1413 3125 1544 3195 ἕνα.
1631 3128 1688 3195 εἰ
1735 3120 1799 3195 δ’
1854 3122 2256 3215 ἐρωτήσειέν
2299 3154 2427 3211 τις,
2490 3133 2670 3198 διατί
2728 3127 2817 3217 μὴ
2876 3128 3011 3216 πρὸ
3046 3146 3113 3202 33

392 3232 542 3297 τῶν
586 3221 904 3315 ουρανῶν
945 3227 1110 3312 μηδὲ
1150 3222 1288 3313 πρὸ
1333 3230 1484 3295 τῶν
1528 3227 1602 3295 ἐν
1643 3220 1961 3312 οὐρανοῖς
2003 3220 2046 3313 ἢ
2093 3233 2240 3296 τῶν
2282 3229 2595 3297 ἐπέκεινα
2635 3235 2853 3299 θείων
2898 3236 3009 3299 καὶ

390 3322 862 3414 ὖπερκοσμίων
907 3320 1264 3411 δυναμεων
1317 3352 1392 3395 τε
1451 3333 1564 3395 καὶ
1625 3320 2041 3412 πνευμάτων
2102 3323 2349 3396 εαυτὸν
2406 3326 2581 3396 εἶναι
2642 3330 3005 3404 ἐδίδασκεν,

392 3431 732 3511 λελέξεται
777 3419 968 3511 αυτῷ
1013 3415 1123 3493 ότι
1167 3421 1444 3495 τούτων
1488 3428 1662 3506 τέως
1706 3419 1896 3511 <ουκ>
1927 3419 2415 3513 ἐμνημόνευσεν
2444 3418 2483 3495 ὁ
2514 3421 2735 3514 λόγος,
2779 3428 3007 3517 ἐπειδὴ

291 3538 356 3596 30
389 3531 856 3613 παιδαγωγίαν
898 3550 1054 3593 τινα
1099 3521 1206 3594 διὰ
1250 3529 1398 3593 τῶν
1426 3530 1822 3613 Παροιμιῶν
1869 3539 2018 3606 τοῖς
2058 3522 2184 3605 τὰς
2225 3522 2441 3611 ψυχὰς
2496 3532 2765 3613 νηπίοις
2806 3554 3007 3616 παρε-

387 3629 594 3696 δίδου.
681 3650 720 3693 ο
763 3628 877 3693 καὶ
921 3626 1138 3710 δῆλον
1182 3619 1496 3710 τυγχάνει
1539 3627 1614 3693 ἐκ
1658 3628 1782 3692 τοῦ
1823 3626 1999 3693 ποτὲ
2030 3627 2343 3708 λέγεσθαι
2391 3652 2649 3709 »ακουε,
2692 3628 2812 3710 υἱέ,
2855 3655 3007 3697 παι·
3040 3644 3107 3697 34

389 3731 574 3795 δείαν
616 3717 880 3810 πατρός
923 3744 1065 3806 σου,
1109 3728 1220 3793 καὶ
1262 3720 1353 3810 μὴ
1386 3717 1630 3809 α’πωσῃ
1661 3721 1955 3811 θεσμοὺς
1997 3717 2251 3811 μητρός
2294 3745 2478 3807 σουι,
2518 3730 2688 3794 ποτὲ
2732 3728 2805 3797 δὲ
2851 3730 3005 3811 ›vie-2

391 3828 574 3910 ἐμοῖς
617 3818 854 3910 νόμοις
898 3817 1210 3910 πρόσεχε,
1267 3839 1414 3903 τοῖς
1458 3817 1524 3892 δ’
1569 3826 1750 3910 ἐμοῖς
1803 3818 2091 3910 ῥήμασιν
2134 3818 2483 3910 παραβαλε
2526 3820 2651 3894 σὸν
2694 3816 2845 3907 οὖς(
2893 3831 3006 3895 καὶ

389 3914 590 4003 αὖθις
639 3923 796 4004 »υἱέ,
841 3918 931 4009 μὴ
976 3913 1289 4008 ὀλιγώρει
1329 3926 1633 4001 παιδείας
1683 3928 1945 4008 κυρίου,
2005 3926 2117 3992 καὶ
2178 3920 2267 4011 μὴ
2326 3920 2570 3993 ἐκλύου
2618 3918 2729 3995 ὑπ’
2792 3920 3006 3995 αὐτοῦ

555 4140 593 4195 8
629 4139 786 4195 Prov.
824 4140 873 4203 8,
913 4140 980 4195 25
1014 4169 1081 4178 —
1117 4138 1154 4195 ὅ
1190 4139 1351 4196 Prov.
1386 4142 1436 4205 8,
1472 4142 1555 4196 22.
1591 4142 1658 4198 23
1701 4172 1768 4182 —
1812 4143 1851 4198 6
1904 4142 2014 4213 vgl.
2050 4142 2144 4197 Nr.
2176 4144 2225 4197 9.
2262 4144 2329 4199 10
2363 4172 2430 4182 --
2469 4144 2498 4199 7
2555 4143 2713 4198 Prov.
2749 4146 2800 4205 8.
2834 4145 2901 4199 25
2935 4174 2999 4183 —

389 4242 461 4298 15
501 4242 624 4297 Joh.
661 4244 710 4307 3,
747 4242 781 4297 6
815 4270 881 4280 ——·
921 4240 997 4296 16
1040 4240 1162 4295 Gal.
1194 4244 1246 4309 4,
1280 4244 1317 4295 4
1349 4272 1416 4283 —-·
1454 4244 1528 4300 18
1567 4244 1726 4298 Prov.
1762 4244 1812 4310 8,
1849 4245 1916 4301 25
1951 4274 2016 4286 —
2054 4243 2131 4300 25
2166 4243 2291 4300 Joh.
2329 4247 2375 4313 1,
2411 4246 2444 4299 3
2480 4274 2545 4284 —
2590 4245 2665 4301 81
2707 4244 2865 4323 Prqv.
2896 4250 2941 4313 1,
2966 4245 3001 4301 8

381 4372 446 4381 —·
485 4343 561 4399 82².
600 4341 758 4398 Prov.
792 4344 844 4405 4,
883 4343 952 4399 20
985 4372 1052 4382 —
1088 4342 1166 4398 34
1201 4342 1359 4399 Prov.
1395 4346 1444 4409 3,
1482 4347 1543 4399 11

550 4543 588 4600 8
641 4538 714 4599 ἂν
767 4544 840 4597 Kl
903 4544 910 4610 Ι
974 4544 1013 4599 9
1057 4548 1402 4613 γεγενῆσθαι
1453 4546 1502 4599 V
1567 4547 1576 4613 Ι
1644 4547 1720 4602 16
1773 4541 2132 4616 γεννώμενος
2186 4546 2261 4597 V²
2324 4547 2331 4613 Ι
2396 4545 2475 4601 29
2524 4542 2628 4601 οὐκ
2674 4546 2778 4600 We
2842 4548 2850 4614 Ι
2914 4546 2993 4602 32

379 4644 601 4705 ἀπώσει
635 4643 890 4713 θεσμοὺς
922 4643 1140 4715 πατρὸς
1177 4646 1273 4714 V*‚
1326 4662 1463 4701 corr.
1501 4647 1578 4701 V²
1637 4649 1648 4716 1
1715 4648 1793 4704 34
1831 4640 1931 4703 ἀπ’
1968 4648 2062 4713 W,
2101 4664 2234 4703 corr.
2274 4646 2351 4701 V²
