3694 5582
1175 524 1244 579 de
1279 525 1648 580 ecclesiastica
1682 524 1967 595 theologia
2000 527 2077 581 111
2097 528 2313 583 13—15.
2918 535 3029 595 171

417 693 674 777 μένους,
717 695 831 756 καὶ
874 685 1044 775 μετὰ
1087 686 1217 777 τὴν
1261 693 1650 759 συντέλειαν
1695 694 1764 758 δὲ
1806 685 2227 777 κρειττόνως
2272 686 2505 774 αὐτοῖς
2548 697 2865 762 συνέσται
2892 718 3032 761 κοι-

419 785 686 868 νωνοὺς
731 781 978 868 αὖτοὺς
1021 782 1438 875 ἀποφαίνων
1483 792 1604 875 τῆς
1648 782 1863 860 αὐτοῦ
1904 797 2256 872 βασιλείας.
2344 820 2567 873 ουτως
2620 783 2745 864 οὖν
2794 798 2906 861 καὶ
2951 788 3033 861 τὸ
3070 802 3103 854 2

425 883 682 958 »κάθου
724 890 800 957 ἐκ
846 890 1086 973 δεξιῶν
1129 914 1262 975 μου
1305 884 1516 970 ἕωςἋ
1479 915 1563 957 αν
1606 894 1716 958 θῶ
1764 885 1927 968 τοὺς
1968 888 2253 977 ἐχθρούς
2297 913 2421 962 σου
2460 887 2844 962 ὑποπόδιον
2889 897 3037 961 τῶν

417 990 658 1059 ποδῶν
704 1009 862 1056 σου(
912 993 1023 1057 καὶ
1068 986 1150 1058 τὸ
1202 980 1322 1058 »ὃν
1364 992 1466 1057 δεῖ
1505 984 1805 1075 ουρανὸν
1846 993 1969 1075 μὲν
2013 991 2333 1074 δέξασθαι
2378 989 2527 1078 ἄχρι
2555 986 2829 1078 χρόνων
2872 985 3037 1061 ἀπο-

349 1097 384 1151 5
417 1081 933 1168 καταστάσεωςι
1005 1081 1127 1173 οῦχ
1170 1081 1266 1168 ὥς
1306 1082 1538 1175 μηκέτ’
1599 1091 1937 1175 ἐσομένου,
1980 1086 2149 1175 μετὰ
2210 1094 2427 1160 ταῦτα
2489 1095 2825 1173 λέλεκται,
2888 1084 3036 1160 ἀλλ’

421 1183 518 1269 ὥς
560 1191 936 1275 μέλλοντος
975 1184 1153 1256 κατὰ
1195 1181 1324 1255 τὸν
1367 1191 1489 1275 τῆς
1531 1192 1914 1268 συντελείας
1954 1185 2197 1275 καιρὸν
2236 1194 2709 1260 διανίστασθαι
2750 1184 2887 1260 ἀπὸ
2932 1194 3042 1261 88¹·

419 1291 545 1357 τοῦ
585 1281 852 1374 θρόνου
894 1291 1023 1356 τοῦ
1080 1291 1422 1371 πατρικοῦ
1479 1291 1591 1356 καὶ
1656 1291 1981 1373 δευτέραν
2043 1300 2387 1360 ποιεῖσθαι
2438 1286 2745 1359 κάθοδον
2798 1292 2873 1359 ἐκ
2916 1294 3041 1359 τοῦ

420 1382 742 1471 οὐρανοῦ,
787 1389 946 1473 περὶ
986 1375 1066 1473 ἧς
1111 1378 1148 1455 6
1194 1379 1581 1469 ἀπόστολος
1624 1381 1917 1455 διδάσκει
1963 1392 2186 1474 λέγων
2254 1381 2402 1459 »ότι
2462 1384 2667 1471 αὐτὸς
2720 1383 2757 1459 6
2808 1385 3042 1476 κύριος

420 1488 494 1555 ἐν
533 1482 962 1573 κελεύσματι,
1008 1488 1083 1555 ἐν
1129 1491 1329 1573 φωνῇ
1376 1480 1790 1573 ἀρχαγγέλου
1832 1491 1944 1554 καὶ
1988 1488 2063 1555 ἐν
2122 1484 2439 1577 σάλπιγγι
2498 1493 2694 1573 θεοῦ,
2754 1484 3039 1577 καταβή-

314 1597 386 1652 10
419 1608 607 1655 σεται
649 1578 765 1655 ἀπ’
811 1579 1134 1671 οὐρανοῦ,
1189 1591 1302 1655 καὶ
1348 1586 1412 1654 οἱ
1457 1590 1682 1673 νεκροὶ
1726 1587 1802 1655 ἐν
1846 1590 2125 1675 Χριστῷ
2190 1582 2695 1677 ἀναστήσονται
2752 1594 3039 1675 πρῶτοι,

421 1686 654 1754 επειτα
697 1678 886 1773 ἡμεῖς
929 1688 994 1756 οἱ
1039 1690 1291 1771 ζῶντες
1335 1686 1398 1753 οἱ
1441 1679 1991 1771 περιλειπόμενοι
2034 1678 2169 1773 ἅμα
2212 1686 2335 1759 σῦν
2390 1684 2625 1770 αὐτοῖς
2668 1682 3041 1775 ἁρπαγησό-

417 1793 596 1872 μεθα
639 1787 712 1853 ἐν
759 1790 1070 1870 νεφέλαις
1115 1788 1208 1864 εἰς
1250 1778 1634 1872 ἀπάντησιν
1678 1788 1803 1854 τοῦ
1844 1791 2083 1870 κυρίου
2110 1789 2207 1869 εἰς
2234 1782 2461 1875 ἀέρας·
2504 1793 2617 1857 καὶ
2652 1814 2841 1857 ουτω
2871 1782 3039 1857 πάν-

418 1910 582 1954 τοτε
625 1882 751 1954 σῦν
790 1888 1004 1971 κυρίῳ
1049 1878 1402 1971 ἐσόμεθαι.
1468 1886 1480 1970 Ι
1546 1888 1646 1952 δεῖ
1669 1890 1913 1955 τοίνυν
1942 1881 2069 1955 τὸν
2100 1891 2379 1974 σωτῆρα
2408 1890 2632 1974 μένειν
2662 1889 2736 1956 ἐν
2768 1880 3039 1975 οὐρανῷ
3079 1907 3195 1963 188

416 1988 524 2052 καὶ
567 1988 978 2067 καθέζεσθαι
1019 1986 1096 2052 ἐν
1157 1986 1338 2074 δεξιᾷ
1380 1987 1508 2055 τοῦ
1549 1980 1814 2070 πατρὸς
1862 1982 2028 2065 »ἕως
2073 1989 2196 2072 τῆς
2240 1993 2693 2069 συντελείαςι,
2750 1984 2927 2057 κατὰ
2972 1990 3041 2054 δὲ

314 2094 384 2146 15
417 2078 634 2170 αὐτὴν
677 2081 807 2170 τὴν
851 2086 1244 2152 συντέλειαν
1299 2085 1424 2152 τοῦ
1475 2080 1740 2164 παντὸς
1791 2081 1921 2171 τὴν
1972 2084 2253 2169 ἔνδοξον
2306 2092 2419 2153 καὶ
2461 2089 2785 2173 δευτέραν
2830 2080 3043 2156 αὐτοῦ

417 2188 798 2272 παρουσίαν
840 2178 1294 2269 ποιησάμενος
1336 2180 1500 2263 τούς
1542 2176 1772 2268 ἀγίους
1816 2178 2029 2253 αὐτοῦ
2071 2181 2549 2273 παραλήψεται
2602 2190 2694 2265 εἰς
2746 2182 2831 2255 τὸ
2875 2178 3042 2252 πάν-

419 2310 583 2353 τοτε
628 2277 816 2371 αὐτῷ
861 2300 1176 2366 συνεῖναι,
1225 2276 1370 2368 οῦχὶ
1413 2287 1600 2370 μέχρι
1645 2280 1833 2362 τινὸς
1861 2277 2115 2369 χρόνου
2156 2277 2303 2353 ἀλλ’
2350 2289 2443 2364 εἰς
2483 2310 2767 2369 απειρον
2797 2288 3041 2353 αἰῶνα·

426 2410 685 2453 »ουτως
753 2377 879 2471 γάρ
935 2405 1141 2469 φησιν
1206 2376 1544 2452 »πάντοτε
1599 2378 1722 2450 σὺν
1762 2388 1979 2471 κυρίῳ
2024 2377 2373 2471 ἐσόμεθαι.
2460 2378 2711 2453 οὐκοῦν
2756 2385 2821 2454 οἱ
2866 2373 3043 2469 ἀγιοι
3078 2404 3111 2458 3

417 2478 724 2553 πάντοτε
767 2477 1197 2569 συνεσόμενοι
1257 2476 1446 2568 αὐτῷ
1492 2484 1616 2568 τῆς
1659 2475 1873 2550 αὐτοῦ
1913 2489 2249 2564 βασιλείας
2294 2478 2798 2554 ἀπολαύσουσιν
2837 2484 2913 2551 ἐν
2956 2487 3042 2568 τῇ

312 2595 386 2649 20
418 2586 921 2670 κατηγγελμένη
992 2587 1144 2651 τῶν
1203 2573 1519 2666 οὖρανων
1577 2585 1890 2671 βασιλεία.
1993 2574 2141 2651 ἀλλ’
2209 2576 2248 2653 6
2308 2600 2615 2669 γενναῖος
2676 2587 2893 2651 ταῦτα
2952 2579 3042 2668 μὴ

419 2687 656 2763 συνείς,
701 2685 831 2750 τοῦ
873 2686 1071 2752 θείου
1113 2672 1508 2750 αποστόλου
1567 2683 1721 2766 περὶ
1781 2685 1911 2751 τοῦ
1962 2686 2271 2769 σωτῆρος
2326 2676 2522 2770 ἡμῶν
2565 2676 2919 2769 εἰρηκότος
2962 2676 3043 2749 τὸ

427 2787 568 2852 »δεῖ
605 2777 729 2869 γὰρ
774 2774 990 2851 αὐτὸν
1032 2775 1408 2864 βασιλεύειν
1462 2776 1612 2868 ἄχρι
1656 2768 1738 2849 οὗ
1781 2786 1878 2868 θῇ
1922 2779 2085 2864 τοὺς
2129 2780 2418 2870 ἐχθροὺς
2458 2775 2594 2851 ὑπὸ
2638 2778 2800 2861 τούς
2826 2774 3044 2861 πόδας

421 2877 652 2953 αὐτοῦ.
737 2881 1016 2967 ἔσχατος
1060 2876 1304 2967 ἐχθρὸς
1345 2896 1780 2966 καταργεῖται
1827 2875 1865 2950 6
1908 2875 2253 3003 θάνατος«
2304 2887 2414 2951 καὶ
2458 2877 2670 2952 πάλιν
2718 2872 2927 2950 »ὅταν
2972 2883 3041 2948 δὲ

421 2976 611 3070 αὐτῷ
654 2974 967 3068 ὖποταγῇ
1011 2977 1096 3050 τὰ
1139 2973 1395 3061 πάντα,
1457 2976 1621 3048 τότε
1677 2985 1790 3046 καὶ
1841 2975 2050 3062 αὐτὸς
2090 2976 2596 3069 ὑποταγήσεται
2639 2986 2743 3069 τῷ
2788 2975 3040 3050 ὕποτά-
3075 3003 3109 3054 4

313 3095 386 3149 25
420 3092 618 3166 ξαντι
660 3075 850 3168 αὐτῷ
897 3077 982 3149 τὰ
1023 3074 1279 3161 πάντα,
1335 3080 1444 3148 ἵνα
1485 3069 1528 3164 ᾗ
1577 3071 1614 3147 6
1657 3075 1823 3159 θεὸς
1867 3077 1955 3150 τὰ
1998 3077 2229 3150 πάντα
2273 3083 2351 3150 ἐν
2391 3085 2669 3162 πᾶσινι,
2715 3085 2801 3167 τῇ
2847 3102 3041 3166 συνη-

419 3186 576 3271 θείᾳ
619 3176 837 3268 ταύτῃ
881 3174 1299 3268 χρησάμενος
1341 3183 1453 3246 καὶ
1498 3182 1714 3246 ταῦτα
1765 3177 2277 3266 παρερμηνεύει,
2342 3175 2467 3250 οὐκ
2529 3173 2665 3251 οἶδ’
2720 3171 2914 3258 ὅπως
2959 3175 3040 3247 τὸ

420 3251 978 3367 ὖπόταγήσεσθαι
1036 3285 1141 3366 τῷ
1204 3283 1414 3363 πατρὶ
1467 3274 1592 3346 τὸν
1644 3274 1795 3346 υιὸν
1851 3272 2002 3347 ἀντὶ
2058 3283 2187 3348 τοῦ
2231 3275 2701 3366 ἓνωθήσεσθαι
2746 3283 2849 3365 τῷ
2897 3282 3040 3364 θεῷ

421 3377 550 3449 τὸν
592 3375 803 3466 λόγον
844 3375 1210 3464 ἐξακούων.
1292 3381 1404 3446 καὶ
1464 3371 1635 3446 πότε
1695 3373 1819 3463 γάρ
1883 3371 2070 3465 αὐτῷ
2118 3372 2241 3448 οῦκ
2285 3368 2370 3465 ἦν
2414 3373 2795 3466 ἡνωμένος,
2858 3380 2916 3445 εἰ
2959 3375 3040 3464 δὴ

422 3474 624 3565 λόγος
665 3467 754 3564 ἦν
798 3473 1031 3559 ἀιδίως
1073 3471 1402 3563 ὑπάρχων
1442 3477 1516 3546 ἐν
1561 3481 1664 3564 τῷ
1709 3481 1889 3563 θεῷ,·
1930 3481 2081 3557 πῶς
2127 3468 2251 3546 οῦν
2300 3474 2533 3547 »τότει
2588 3482 2794 3563 φησὶν
2842 3470 3042 3546 »ὑπο-

314 3590 387 3646 30
419 3575 815 3666 ταγήσεταιι
873 3583 1012 3666 »τῷ
1055 3581 1202 3665 θεῷ
1245 3581 1358 3644 καὶ
1400 3582 1674 3660 πατρία,
1666 3600 1680 3614 ·

586 3683 668 3751 15
724 3674 848 3765 χρὴ
910 3681 982 3747 δὲ
1035 3679 1390 3762 ἐπιστῆσαι
1447 3673 1576 3745 τὸν
1623 3680 1790 3746 νοῦν
1833 3705 1930 3757 ως
1972 3684 2083 3747 καὶ
2129 3671 2317 3763 αὐτῷ
2364 3679 2465 3763 τῷ
2512 3677 2639 3763 υἱῷ
2682 3673 2769 3744 τά
2814 3670 3043 3744 πάντα
3081 3683 3239 3754 ὅπως
3268 3683 3413 3774 εἴρη·

416 3775 972 3866 ῦποταγήσεσθαι
1015 3770 1054 3847 6
1101 3771 1490 3856 ἀπόστολος
1534 3775 1682 3863 εφη,
1727 3781 1840 3844 καὶ
1886 3803 1981 3856 ως
2026 3781 2111 3863 τῇ
2143 3772 2316 3863 αὐτῇ
2344 3770 2657 3861 ὖποταγῇ
2685 3781 2797 3843 καὶ
2830 3769 3044 3843 αὐτὸν
3144 3775 3243 3840 ,ται
3276 3775 3348 3840 ἶα

418 3872 971 3965 ὖποταγήσεσθαι
1025 3881 1126 3963 τῷ
1181 3880 1392 3962 πατρὶ
1437 3870 1732 3944 διδάσκει
1778 3881 1997 3962 λέγων
2060 3867 2273 3946 »ὅταν
2335 3879 2405 3944 δὲ
2449 3870 2535 3943 τὰ
2579 3867 2807 3944 πάντα
2854 3869 3041 3962 αὐτῷ
3080 3841 3415 3961 &2²51ng-

3116 3963 3249 4014 σθαι
3300 3965 3379 4013 τῶ

3122 4023 3226 4099 υἱῷ
3267 4011 3365 4082 καὶ

591 4096 628 4151 8
663 4096 904 4162 Ps.109‚
942 4098 971 4149 1
1009 4125 1076 4134 —
1111 4094 1150 4149 4
1188 4096 1310 4148 Aet.
1346 4093 1394 4160 3,
1431 4094 1495 4146 21
1535 4123 1602 4132 —
1640 4095 1676 4150 8
1713 4095 1736 4147 Ι
1772 4095 1958 4150 Thess.
1992 4099 2042 4161 4,
2080 4097 2163 4152 16.
2202 4097 2265 4149 17
2318 4123 2385 4134 -·
2424 4093 2500 4148 14
2538 4091 2739 4147 Matth.
2780 4093 2859 4158 18,
2886 4095 3043 4149 20-
3103 4083 3280 4149 αι’·τόν
3312 4101 3391 4168 τῷ

425 4197 502 4255 18
539 4196 912 4262 Thess.4,17
949 4226 1015 4237 -
1061 4194 1139 4252 22
1176 4197 1202 4250 1
1237 4197 1366 4252 Kor
1403 4195 1486 4261 15,
1522 4196 1588 4250 25
1623 4225 1684 4234 -
1724 4196 1805 4252 28
1847 4197 1875 4250 1
1911 4197 2039 4251 Kor.
2079 4199 2158 4261 15,
2194 4197 2263 4252 28
2297 4223 2364 4236 --
2401 4196 2479 4252 29
2531 4195 2557 4248 1
2592 4193 2723 4250 Kor.
2750 4197 2831 4259 15,
2859 4195 2941 4251 28.
2977 4195 3045 4249 24
3149 4163 3336 4232 πατρί

421 4328 488 4339 -
524 4299 734 4355 εεπιι
767 4316 820 4353 u.
859 4298 997 4354 881
1033 4298 1162 4354 Kor.
1199 4300 1279 4364 15,
1315 4297 1384 4352 28

593 4499 625 4554 1
667 4495 901 4567 συνέστη
933 4500 1032 4564 V*‚
1070 4517 1206 4555 corr.
1245 4501 1321 4554 V2
1366 4500 1376 4568 Ι
1425 4499 1463 4554 4
1498 4501 1590 4555 δεῖ
1615 4517 1670 4552 m
1705 4499 1768 4566 δὴ
1811 4499 1861 4552 V
1925 4498 1933 4563 Ι
1996 4497 2031 4552 θ
2066 4492 2469 4564 ἐξανίστασθαι
2504 4495 2607 4550 We
2668 4499 2677 4566 Ι
2736 4498 2813 4553 22
2851 4499 2941 4553 δεῖ
2970 4497 3047 4550 V2

419 4595 484 4671 δὴ
521 4601 604 4656 V*
667 4606 676 4670 Ι
741 4600 816 4658 25
852 4602 1068 4670 συνήθη
1103 4599 1276 4670 ταύτη
1298 4601 1396 4669 V*,
1433 4617 1570 4657 corr.
1590 4600 1678 4663 131,
1715 4600 1825 4669 vgl.
1867 4600 1917 4654 S.
1939 4601 2053 4666 170,
2090 4599 2157 4653 ‘29
2194 4599 2427 4666 συνήθει
2460 4597 2636 4668 ταύτῃ
2673 4601 3041 4671 (διαστροφῇ)

425 4703 498 4758 V²
530 4703 599 4773 (z.
636 4703 694 4756 T.
732 4719 781 4757 a..
817 4701 902 4770 R.)
967 4703 976 4772 Ι
1043 4703 1122 4758 26
1155 4701 1195 4756 1.
1233 4699 1756 4775 ἀποχρησάμενοςῖ
1791 4701 1955 4756 Loofs
2018 4703 2027 4768 Ι
2089 4701 2158 4757 31
2198 4699 2319 4755 hier
2354 4717 2401 4754 a.
2438 4699 2499 4754 R.
2538 4693 2613 4756 ιδ’
2652 4699 2699 4756 V
