3694 5582
1245 497 1316 552 de
1351 495 1724 552 ecclesiastiea
1755 498 2043 569 theologia.
2073 480 2318 556 1'9-11
3016 507 3095 569 69

472 657 646 747 πρὸς
688 657 817 730 τὸν
861 666 1124 748 πατέρα
1170 659 1462 750 φυσικὴν
1507 667 1732 750 σχέσιν
1772 669 2195 750 παρίστησιν,
2242 691 2337 744 ως
2382 655 2468 734 αὖ
2510 661 2724 736 πάλιν
2765 663 2849 736 τὸ
2865 693 3093 783 αμονο·

471 765 658 848 γενὲς
712 753 928 849 ὄνομα
985 767 1097 831 καὶ
1153 766 1282 832 τοῦ
1333 765 1568 851 γένους
1610 757 1991 848 ἐφάπτεται
2033 767 2145 832 καὶ
2189 767 2313 850 τῆς
2355 769 2677 850 γενέσεως
2728 759 2939 853 αύτῆς
2980 772 3092 834 καὶ

473 866 599 931 τοῦ
637 855 857 948 μόνον
901 861 1072 932 εἶναι
1113 868 1226 932 καὶ
1269 867 1641 950 μηδέτερον
1687 857 1877 952 αύτῷ
1922 866 2045 950 τῆς
2086 857 2407 949 υἱότητος
2450 882 2826 935 κοινωνεῖν.
2872 869 2885 950 l
2941 859 3089 936 ἀλλ’
3128 881 3205 938 69

472 963 770 1031 ἐοίκασιν
813 953 1075 1030 ταύτὸν
1117 966 1498 1050 Μαρκέλλῳ
1539 957 1773 1043 πάθος
1813 966 2242 1050 πεπονθέναι
2283 967 2393 1032 καὶ
2438 951 2647 1034 οὗτοι
2722 957 2762 1034 6
2804 969 2927 1052 μὲν
2962 963 3090 1053 γὰρ
3156 984 3191 1035 4

399 1074 434 1123 5
471 1065 604 1130 δέει
647 1065 774 1130 τοῦ
815 1057 906 1149 μὴ
951 1055 1072 1130 δύο
1125 1058 1332 1140 θεοὺς
1385 1062 1597 1130 εἰπεῖν
1659 1058 1789 1149 τὴν
1850 1057 2137 1148 ἄρνησιν
2195 1067 2325 1133 τοῦ
2381 1065 2533 1132 υἱοῦ
2590 1058 3087 1152 προύβάλλετο,

471 1156 600 1247 τὴν
650 1153 1031 1230 ὑπόστασιν
1081 1155 1363 1230 ἀθετῶν
1413 1154 1642 1231 αύτοῦ.
1727 1161 1791 1230 οἱ
1854 1163 1927 1230 δὲ
1986 1156 2105 1229 δύο
2169 1159 2405 1243 δόντες
2464 1154 2889 1248 ὑποστάσεις,
2958 1162 3089 1252 τὴν

467 1264 588 1348 μὲν
649 1253 990 1348 άγένητον
1058 1255 1189 1346 τὴν
1261 1254 1327 1328 δ’
1401 1261 1472 1344 ἐξ
1544 1255 1670 1330 ούκ
1741 1251 1975 1330 ὄντων
2044 1269 2462 1346 κτισθεῖσαν,
2539 1262 2657 1332 ἕνα
2725 1267 2847 1351 μὲν
2918 1262 3091 1333 θεὸν

465 1354 898 1444 ύφίστανται·
984 1351 1022 1430 6
1067 1363 1142 1428 δὲ
1180 1356 1326 1440 υἱὸς
1371 1353 1592 1431 οὐκέτ’
1647 1353 1879 1441 αύτοῖς
1929 1350 2108 1432 οὔτε
2151 1354 2189 1430 6
2248 1359 2621 1449 μονογενὴς
2680 1363 2867 1432 εσται
2928 1353 3089 1433 οὔτε
3130 1424 3137 1432 .

466 1458 600 1547 μὴν
657 1455 920 1545 κύριος,
980 1450 1142 1529 οὔτε
1199 1453 1392 1542 θεός,
1462 1461 1673 1546 μηδὲν
1729 1465 1853 1548 μὲν
1929 1463 2407 1531 ἐπικοινωνῶν
2472 1467 2559 1549 τῇ
2627 1465 2755 1532 τοῦ
2823 1459 3086 1548 πατρὸς

361 1573 430 1626 10
465 1553 774 1646 θεότητι,
823 1575 970 1642 τοῖς
1013 1563 1084 1629 δὲ
1129 1567 1395 1641 λοιποῖς
1428 1563 1840 1681 κτίσμασιν,ς
1880 1553 2057 1630 καθ’
2120 1551 2157 1629 6
2216 1561 2288 1646 ἐξ
2350 1554 2474 1631 ούκ
2527 1551 2755 1634 ὄντων
2806 1555 3083 1648 ὑπέστη,

465 1653 1082 1758 παραβαλλόμενος.
1167 1651 1318 1729 ἀλλ’
1364 1654 1486 1745 ούχ
1529 1649 1755 1741 οὕτως
1798 1653 1840 1748 ἦ
1885 1661 2224 1746 ἐκκλησία·
2268 1655 2396 1730 τὸν
2441 1654 2504 1730 δ’
2548 1657 2702 1730 υἱὸν
2744 1664 2871 1729 τοῦ
2912 1663 3083 1729 θεοῦ
3151 1679 3183 1731 5

464 1755 634 1829 θεὸν
700 1764 811 1828 καὶ
881 1754 1124 1845 κύριον
1182 1751 1663 1846 άνακηρύττει,
1735 1763 1849 1830 καὶ
1922 1755 2205 1847 άληθῶς
2272 1755 2423 1828 υἱὸν
2493 1757 2665 1830 εἶναι
2733 1763 2845 1829 καὶ
2916 1757 3089 1830 θεὸν
3234 1749 3241 1758 ’

463 1853 958 1930 διδάσκει·ού
1013 1853 1190 1928 κατὰ
1246 1855 1408 1937 τοὺς
1460 1856 1762 1940 πολλοὺς
1805 1855 1969 1942 τούς
2012 1861 2299 1946 ἐπίκλην
2344 1851 2858 1946 ὀνομασθέντας
2902 1856 3089 1940 υἱούς

467 1985 536 2028 τε
580 1963 692 2028 καὶ
733 1955 960 2041 θεούς,
1005 1962 1161 2047 περὶ
1208 1984 1310 2027 ων
1355 1958 1614 2045 εἴρηται
1662 1957 1833 2045 »ἐγώ
1878 1958 2033 2030 εἶπα
2072 1966 2229 2029 θεοί
2271 1961 2421 2028 ἐστε
2462 1963 2575 2028 καὶ
2615 1960 2751 2028 υἱοὶ
2789 1953 3085 2045 ύψίστου

357 2073 426 2126 15
461 2056 776 2142 πάντεςε,
820 2052 989 2128 καθ’
1023 2048 1062 2126 6
1091 2061 1165 2127 δὲ
1193 2052 1404 2146 μόνος
1433 2051 1640 2139 αὐτὸς
1683 2050 1722 2126 6
1765 2061 1838 2142 ἐξ
1881 2052 2095 2128 αὐτοῦ
2136 2063 2489 2146 γεννηθεὶς
2518 2062 2647 2128 τοῦ
2674 2055 2939 2146 πατρὸς
2976 2059 3087 2126 »ἐν

460 2165 692 2248 μορφῇ
733 2164 906 2228 θεοῦ
947 2152 1306 2246 ύπῆρχενι,
1359 2154 1634 2226 »εἰκῶνι
1686 2151 1745 2224 τ’
1777 2147 1867 2244 ἦν
1901 2161 2065 2226 »τοῦ
2100 2161 2274 2228 θεοῦ
2302 2162 2413 2229 51Τ
2455 2161 2583 2228 τοῦ
2625 2152 2931 2246 άοράτου
2974 2162 3084 2226 καὶ

459 2255 912 2346 πρωτότοκος
955 2251 1220 2344 ἇπάσης
1260 2260 1602 2338 κτίσεωςι.
1688 2252 1793 2326 διὸ
1837 2261 1952 2326 καὶ
1995 2260 2199 2342 τιμᾶν
2239 2261 2351 2327 καὶ
2397 2261 2609 2341 σέβειν
2650 2261 2763 2326 καὶ
2790 2276 3081 2345 προσκυ-

461 2375 604 2430 νεῖν
628 2354 848 2447 μόνον
892 2352 1124 2440 αὖτόν,
1171 2351 1286 2428 οἱα
1321 2353 1562 2443 κύριον
1589 2361 1703 2426 καὶ
1732 2360 2011 2444 σωτῆρα
2040 2361 2153 2426 καὶ
2180 2353 2352 2427 θεὸν
2383 2355 2641 2444 ἑαυτῆς,
2671 2351 3079 2445 μεμάθηκεν.

624 2462 704 2531 11
747 2461 806 2528 εἰ
866 2461 940 2527 δὲ
999 2451 1220 2543 φόβον
1263 2451 1510 2538 αὐτοῖς
1547 2459 1836 2544 ἐμποιεῖ,
1898 2451 1989 2544 μή
2049 2480 2147 2543 πη
2208 2452 2338 2544 ἄρα
2397 2451 2517 2527 δύο
2581 2453 2789 2536 θεοὺς
2840 2450 3079 2541 άναγο-
3116 2461 3271 2533 ὅπως
3347 2463 3450 2527 ἕνα

349 2569 422 2624 20
457 2556 676 2644 ρεύειν
721 2553 1018 2643 δόξαιεν,
1071 2558 1372 2626 ἰ’στωσαν
1415 2551 1512 2636 ὥς
1555 2559 1668 2624 καὶ
1709 2559 1838 2625 τοῦ
1879 2556 2030 2625 υἱοῦ
2072 2553 2247 2642 πρὸς
2291 2549 2485 2643 ἡμῶν
2531 2548 3080 2644 ὁμολογουμένου
3112 2534 3255 2660 θεὸῖ
3290 2536 3345 2626 ἡ
3363 2535 3449 2594 ἐκ·

457 2663 630 2727 θεοῦ
673 2652 846 2778 εἱςεἋ
810 2684 896 2726 αν
937 2659 1208 2745 γένοιτο
1252 2652 1418 2736 θεὸς
1469 2649 1682 2743 μόνος
1733 2657 2015 2738 ἐκεῖνος,
2069 2647 2110 2724 6
2150 2648 2361 2744 μόνος
2406 2651 2696 2742 ἄναρχος
2737 2658 2847 2724 καὶ
2890 2649 3079 2742 άγέν-
3136 2606 3413 2762 γῖωᾏῗξὲι,

455 2783 690 2846 νητος,
752 2750 792 2828 6
857 2754 988 2844 τὴν
1044 2749 1348 2844 θεότητα
1409 2757 1666 2827 οἰκείαν
1722 2758 2159 2844 κεκτημένος,
2224 2747 2413 2875 αύτῷ
2474 2781 2551 2826 τε
2611 2759 2716 2844 τῷ
2769 2755 2897 2843 υἱῷ
2953 2758 3079 2825 τοῦ
3110 2740 3446 2865 κῗῗοιθῐξν

455 2860 628 2928 εἶναι
667 2864 784 2927 καὶ
827 2862 956 2927 τοῦ
995 2860 1244 2945 τοιῷδε
1289 2856 1460 2926 εἶναι
1503 2854 1803 2945 γεγονώς
1846 2858 2089 2935 αἴτιος·
2158 2847 2250 2924 δι’
2296 2844 2381 2923 ὃν
2432 2860 2546 2924 καὶ
2594 2848 2808 2973 εαὐτὸς
2853 2849 2892 2924 6
2935 2851 3078 2937 υἱὸς
3130 2828 3431 2933 υέκντεὶείῦν

457 2952 780 3047 ὁμολογεῖ
834 2960 983 3045 ζῆν,
1045 2954 1366 3045 ἄντικρυς
1417 2958 1641 3043 λέγων
1697 2953 1971 3036 »καθώς
2012 2948 2409 3024 ἀπέστειλέν
2452 2979 2533 3041 με
2576 2947 2615 3023 6
2660 2961 2803 3039 ζῶν
2843 2952 3074 3041 πατὴρ
3134 2936 3282 2999 Εἶναι
3316 2963 3417 3000 πα·

347 3066 418 3122 25
452 3051 643 3143 κάγώ
691 3060 786 3141 ζῶ
831 3053 939 3125 διὰ
993 3051 1122 3126 τὸν
1180 3059 1483 3144 πατέρα«
1548 3060 1664 3124 καὶ
1725 3050 1997 3144 »ὥσπερ
2051 3052 2178 3140 γὰρ
2232 3046 2273 3123 6
2323 3051 2552 3142 πατὴρ
2599 3053 2784 3142 ζωὴν
2824 3053 2958 3139 ἔχει
3000 3056 3075 3124 ἐν
3166 3013 3396 3149 921ng

455 3156 708 3243 εαυτῷ,
773 3147 998 3236 οὕτως
1061 3158 1171 3223 καὶ
1237 3159 1342 3241 τῷ
1393 3156 1522 3243 υἱῷ
1577 3156 1834 3224 ἔδωκεν
1878 3150 2060 3243 ζωὴν
2102 3154 2277 3239 εχειν
2318 3152 2464 3222 ἐνζ
2438 3158 2725 3241 εαυτῷι.
2811 3151 2917 3223 διὸ
2960 3156 3073 3222 καὶ
3140 3164 3174 3217 2

453 3252 647 3345 ἡμῶν
708 3260 822 3325 καὶ
889 3252 1136 3325 ἑαυτοῦ
1205 3251 1378 3325 θεὸν
1437 3254 1610 3324 εἶναι
1669 3248 1967 3323 διδάσκει
2026 3248 2154 3322 τὸν
2212 3256 2503 3338 πατέρα,
2566 3254 2643 3322 ἐν
2704 3251 2804 3333 οἱς
2866 3275 3072 3340 φησιν

457 3351 854 3445 »ἀνέρχομαι
893 3350 1070 3441 πρὸς
1111 3349 1240 3424 τὸν
1291 3359 1554 3439 πατέρα
1607 3379 1740 3441 μου
1789 3358 1905 3423 καὶ
1963 3355 2227 3439 πατέρα
2284 3345 2478 3439 ὑμῶν
2537 3356 2649 3420 καὶ
2709 3345 2883 3421 θεόν
2939 3378 3071 3439 μου

450 3462 564 3527 καὶ
607 3452 778 3525 θεὸν
820 3448 1072 3543 ύμῶνι.
1143 3457 1255 3523 καὶ
1297 3450 1605 3541 κεφαλὴν
1645 3455 1718 3521 δὲ
1760 3446 1975 3522 αὐτοῦ
2016 3456 2139 3540 μὲν
2180 3454 2310 3523 τοῦ
2350 3453 2504 3521 υἱοῦ
2543 3446 2671 3521 τὸν
2712 3446 2903 3533 θεόν,
2950 3455 3072 3539 τῆς

339 3568 414 3623 30
452 3550 520 3625 δ’
583 3557 956 3643 ἐκΙκλησίας
1016 3549 1144 3621 τὸν
1201 3549 1354 3623 υἱὸν
1399 3544 1438 3621 6
1483 3557 1687 3639 μέγας
1741 3546 2132 3632 ἀπόστολος
2184 3545 2499 3633 διδάσκει,
2540 3554 2639 3639 πῆ
2680 3554 2806 3638 μὲν
2848 3554 3070 3637 λέγων
3109 3561 3187 3618 70

457 3652 752 3743 »κεφαλὴ
774 3658 846 3724 δὲ
861 3680 990 3723 του
960 3656 1312 3740 ’Χριστοῦ
1341 3644 1380 3721 6
1401 3646 1629 3734 θεόςι,
1659 3678 1756 3738 πη
1723 3654 1851 3719 ’δὲ
1881 3653 2034 3738 περὶ
2054 3676 2181 3719 του
2150 3651 2351 3719 ὐἱοῦ
2380 3644 2667 3735 φάσκων
2690 3654 2837 3719 »καὶ
2854 3643 3069 3718 αὐτὸν

448 3756 705 3825 εδωκεν
746 3750 1057 3841 κεφαλὴν
1091 3747 1262 3838 ὑπὲρ
1292 3746 1526 3822 πάντα
1555 3757 1642 3839 τῇ
1671 3754 2007 3842 ἐκκλησίᾳ,
2053 3776 2202 3837 ητις
2244 3752 2429 3818 ἐστὶν
2460 3743 2543 3817 τὸ
2574 3752 2767 3835 σῶμα
2796 3742 3065 3819 αύτοῦε.

445 3849 702 3924 ούκοῦν
745 3856 869 3940 τῆς
909 3857 1035 3941 μὲν
1075 3854 1428 3938 ἐκκλησίας
1458 3845 1665 3943 αὐτὸς
1697 3846 1987 3938 ἀρχηγὸς
2030 3843 2117 3917 ἀν
2145 3850 2247 3934 εἴη
2274 3853 2389 3916 καὶ
2415 3841 2701 3935 κεφαλή,
2733 3846 3063 3937 <κεφαλὴ>
3135 3866 3169 3920 3

447 3956 518 4021 δὲ
564 3946 778 4023 αύτοῦ
820 3946 858 4021 6
898 3945 1153 4073 :nat-⁷50·
1197 3940 1424 4032 οὕτως
1468 3938 1563 4030 εἷς
1604 3946 1768 4031 θεὸς
1797 3942 1835 4019 6
1881 3953 2007 4017 τοῦ
2034 3951 2444 4061 μονογενοῦς
2485 3948 2635 4017 υἱοῦ
2662 3941 2908 4035 πατήρ,
2953 3954 3065 4017 καὶ

331 4067 407 4123 35
442 4058 562 4141 μία
606 4048 648 4140 ἦ
690 4057 801 4121 καὶ
847 4046 1059 4121 αύτοῦ
1102 4054 1231 4120 τοῦ
1276 4054 1578 4136 Χριστοῦ
1626 4044 1908 4137 κεφαλή.
1990 4052 2145 4135 μιᾶς
2204 4050 2277 4116 δὲ
2333 4067 2535 4134 ουσης
2586 4040 2792 4134 άρχῆς
2836 4072 2911 4116 τε
2954 4052 3065 4116 καὶ

441 4155 773 4239 κεφαλῆς,
825 4154 980 4231 πῶς
1031 4176 1117 4219 αν
1168 4154 1480 4238 γένοιντο
1521 4153 1674 4218 θεοὶ
1737 4140 1883 4230 δύο,
1945 4142 2091 4233 ούχὶ
2154 4151 2226 4215 δὲ
2286 4142 2383 4228 εἱς
2440 4147 2695 4227 ἐκεῖνος
2753 4142 2962 4233 μόνος
3024 4138 3065 4215 6

617 4320 696 4376 14
733 4320 923 4385 Ps.,81
941 4320 1076 4375 6-
1115 4318 1190 4375 15
1227 4314 2216 4384 PhiL2,7—16K011,15—24
2252 4314 2746 4379 Johw657—25
2784 4314 3062 4379 Joh.,526

437 4451 510 4462 -
547 4420 628 4477 28
663 4421 786 4476 soh.
822 4422 904 4483 20,
943 4421 1008 4475 17
1043 4448 1110 4459 -
1148 4420 1222 4475 ει
1262 4419 1288 4473 1
1325 4419 1453 4474 Kor.
1491 4420 1572 4486 11,
1608 4420 1640 4473 3
1676 4446 1744 4457 --
1779 4416 1918 4487 Eph.
1958 4421 2004 4485 1,
2040 4417 2123 4471 22.
2158 4418 2225 4470 23

611 4572 648 4627 2
681 4570 1049 4642 γενήσεωςν,
1087 4586 1223 4624 corr.
1249 4568 1336 4624 Ga
1385 4568 1396 4638 1
1449 4568 1486 4625 8
1525 4566 1586 4624 6²
1619 4576 1688 4629 <
1722 4586 1778 4622 m
1829 4570 1838 4636 Ι
1892 4567 1973 4625 st
2003 4564 2131 4625 οὐδὲ
2168 4607 2179 4620 .
2218 4607 2231 4621 .
2270 4608 2281 4619 .
2320 4563 2449 4622 οὐδὲ
2482 4606 2499 4621 .
2535 4607 2549 4622 .
2586 4608 2601 4624 .
2640 4562 2771 4622 οὐδὲ
2804 4568 2882 4635 V,
2921 4584 3056 4621 corr.

439 4672 549 4728 We
599 4674 610 4741 Ι
665 4673 744 4729 80
786 4677 868 4741 πῆ
900 4671 1008 4741 μὲν
1044 4672 1116 4725 ΚΙ
1151 4669 1287 4739 ἡμῖν
1325 4670 1374 4724 V
1426 4672 1435 4739 Ι
1488 4670 1567 4726 88
1609 4670 1857 4741 εικεφιιιλὴ2
1892 4669 1965 4723 Kl
1998 4670 2111 4739 vgl.
2147 4668 2241 4724 Mo
2294 4670 2305 4737 Ι
2360 4668 2439 4723 84
2495 4658 2663 4733 οὗτος
2702 4668 2767 4733 V,
2804 4684 2942 4723 corr.
2983 4667 3057 4721 Kl
