3694 5582
1197 531 1266 584 de
1299 530 1670 586 ecclesiastiea
1701 531 1990 602 fiheologia
2023 532 2049 584 I
2083 533 2235 586 3—7.
2924 542 3001 601 65

385 700 742 782 παρθένου
768 701 880 766 καὶ
910 693 1038 767 τὸν
1067 691 1515 784 ἐνοικήσαντα
1558 692 1792 785 τούτῳ
1835 692 1987 766 υἱὸν
2030 703 2156 767 τοῦ
2196 701 2369 768 θεοῦ
2410 693 2722 785 προόντα
2758 700 2868 768 50³
2893 701 3005 765 καὶ

387 789 740 877 οὖσιωδῶς
781 791 1151 881 ὑφεστῶτα
1191 801 1304 866 καὶ
1348 794 1476 866 τὸν
1523 793 1779 868 τούτου
1822 801 2085 885 πατέρα
2129 793 2317 880 θεόν,
2344 791 2478 883 ’ὑφ’
2526 787 2607 866 οὗ
2644 803 2757 865 καὶ
2802 791 3007 876 αὐτὸς

388 890 820 966 ἀπεστάλθαι
872 901 1164 980 συνεχῶς
1215 889 1549 982 ὁμολογεῖ.
1641 890 1868 982 »ἦμῑνα
1936 901 2179 966 τοίνυν
2243 893 2373 978 »εἶς
2432 893 2597 978 θεὸς
2658 891 2696 966 o‘
2755 892 3004 983 πατήρ,

385 998 460 1080 ἐξ
501 984 582 1064 οὗ
625 993 713 1065 τὰ
755 991 1020 1064 πάντα(
1085 994 1260 1066 κατὰ
1304 991 1432 1066 τὸν
1475 990 1871 1068 ἀπόστολον
1939 1002 2085 1066 »καὶ
2141 993 2235 1079 εἷς
2284 995 2513 1084 κύριος
2554 990 2800 1082 Ἰησοῦς
2845 999 3004 1080 Χρι-

313 1105 348 1158 5
387 1089 567 1177 στός,
613 1088 696 1164 δι’
745 1083 828 1164 οῦ
871 1091 958 1163 τὰ
1002 1089 1291 1177 πάντας
1339 1088 1378 1165 ό
1422 1095 1670 1212 προών
1712 1099 1840 1166 τοῦ
1882 1099 2055 1167 θεοῦ
2096 1095 2470 1184 μονογενὴς
2514 1090 2675 1178 υἱός,
2719 1099 2831 1163 καὶ
2863 1100 3003 1182 τρί-

385 1221 507 1276 τος
550 1187 589 1264 ὁ
631 1192 810 1265 κατὰ
854 1189 1066 1280 σάρκα
1107 1191 1252 1274 υίὸς
1295 1189 1694 1282 ἀνθρώπου,
1741 1187 1823 1266 ὃν
1869 1190 1950 1265 δι’
1989 1190 2167 1314 ἡμᾶς
2212 1191 2577 1284 ἀνείληφεν
2623 1190 2660 1265 ὁ
2703 1193 2849 1278 υἱὸς
2880 1199 3007 1265 τοῦ

382 1297 572 1364 θεοῦ.
625 1287 778 1364 ἀλλ’
808 1284 968 1364 οὔτε
999 1285 1037 1362 ὃ
1069 1287 1438 1380 ἀνείληφεν
1467 1299 1660 1383 σῶμα
1689 1291 1948 1366 ταύτὸν
1976 1283 2063 1382 ἦν
2106 1301 2209 1384 τῷ
2256 1290 2659 1383 ἀνειληφότι
2703 1297 2831 1384 υἱῷ
2878 1299 3007 1365 τοῦ
3070 1308 3105 1362 2

381 1397 582 1476 θεοῦ,
639 1384 800 1465 οὔτε
842 1387 1050 1475 αὐτὸς
1094 1387 1132 1463 ὁ
1175 1391 1318 1475 υἱὸς
1362 1399 1490 1465 τοῦ
1531 1399 1704 1465 θεοῦ
1747 1393 1840 1476 εἶς
1884 1402 1996 1465 καὶ
2040 1424 2079 1467 ο
2123 1391 2331 1477 αὐτὸς
2376 1391 2459 1463 ἀν
2500 1365 2854 1483 νομισθείη
2901 1400 3001 1483 τῷ

383 1489 838 1582 γεγεννηκότι.
923 1497 1138 1578 τριῶν
1199 1491 1281 1581 δὴ
1335 1490 1617 1564 τούτων
1675 1488 2175 1583 υποκειμένων,
2238 1497 2303 1566 οἱ
2366 1492 2485 1567 δύο
2549 1489 2851 1576 διδόντες
2920 1493 3003 1565 τὸ

279 1602 350 1656 10
383 1598 626 1678 τρίτον
669 1589 736 1663 δ’
781 1591 1102 1664 ἐκποδών
1143 1589 1544 1682 ποιούμενοι
1587 1599 1710 1682 τῆς
1752 1599 2106 1684 ἐκκλησίας
2150 1593 2365 1665 εἰεν“
2327 1623 2413 1665 αν
2458 1589 2851 1683 ἀπόβλητοι.

551 1696 588 1765 7
633 1689 766 1782 τὴν
806 1697 931 1780 μὲν
971 1690 1054 1780 δὴ
1098 1688 1313 1779 σάρκα
1357 1698 1484 1764 τοῦ
1525 1698 1837 1783 σωτῆρος
1895 1693 2095 1766 ἄθεοί
2154 1722 2333 1776 τινες
2393 1699 2540 1764 τῶν
2584 1689 3005 1782 ετεροδόξων
3086 1696 3243 1768 ὅπως
3278 1699 3337 1758 ⁰2

381 1789 994 1882 παραιτησάμενοι,
1055 1787 1218 1880 δόξῃ
1263 1796 1339 1862 δέ
1381 1820 1517 1863 τινι
1562 1799 1941 1879 φαντασίας
1987 1785 2228 1881 ὦφθαι
2274 1788 2489 1865 αὐτὸν
2540 1795 2651 1863 ἐπὶ
2705 1797 2827 1881 τῆς
2889 1798 3009 1880 γῆς

383 1990 516 2080 τὴν
559 1993 892 2080 ἔνσαρκον
937 1996 1333 2080 οἰκονομίαν
1375 1997 1969 2120 παραδεδεγμένοι,
2024 1991 2153 2064 τὸν
2198 1998 2268 2064 δὲ
2309 1990 2621 2080 προόντα
2668 1997 2793 2064 τοῦ
2836 2001 3007 2062 θεου

381 2197 505 2278 μὲν
549 2188 759 2280 ψιλὸν
803 2189 1186 2280 ἄνθρωπον
1229 2196 1353 2279 τῆς
1391 2195 1628 2280 κοινῆς
1671 2187 2008 2264 ἀπάντων
2049 2190 2317 2278 φύσεως
2354 2186 2502 2261 κατ’
2549 2185 2747 2261 οὐδὲν
2789 2197 3003 2276 κρείτ-

383 2317 560 2360 τονα
599 2285 644 2378 ἢ
690 2314 856 2362 οσον
902 2286 1146 2377 ἀρετῆς
1185 2289 1690 2381 προτερήμασιν
1733 2298 2081 2380 γεγονέναι
2126 2287 2338 2362 αυτὸν
2394 2285 2763 2378 εἰρηκότες,
2826 2292 2890 2360 οἱ
2935 2285 3000 2358 δ’

384 2384 598 2461 αὐτὸν
640 2392 982 2479 ἐνοικῆσαι
1025 2387 1154 2460 τὸν
1195 2397 1345 2461 τῶν
1388 2385 1579 2464 ὅλων
1623 2389 1794 2464 θεὸν
1839 2397 1941 2480 τῷ
1989 2392 2252 2481 σώματι
2294 2396 2822 2480 δογματίσαντες
2849 2385 3004 2459 υἱόν

383 2516 462 2559 τε
503 2484 716 2561 αῦτόν
761 2491 1012 2560 ἑαυτοῦ
1053 2498 1453 2580 χρηματίσαι
1514 2487 1770 2578 φάντες
1830 2488 1913 2561 δι’
1968 2487 2056 2580 ἣν
2112 2487 2467 2579 υπέμεινεν
2508 2488 2687 2559 κατὰ
2732 2487 3001 2575 ἄνθρω-

267 2601 348 2656 20
381 2615 522 2660 πον
551 2594 963 2679 οἰκονομίαν.
1035 2589 1158 2661 δύο
1203 2586 1509 2672 διδόντες
1539 2581 1753 2675 οὗτοι,
1797 2589 1968 2663 θεὸν
1998 2597 2109 2660 καὶ
2154 2588 2557 2676 ἄνθρωπον,
2605 2595 2732 2660 τοῦ
2760 2597 3000 2678 τρίτου

383 2685 562 2775 σφὰς
606 2684 854 2772 αὐτοὺς
895 2694 1284 2778 ἐστέρησαν,
1347 2686 1558 2762 αὐτὸν
1618 2688 1747 2762 τὸν
1787 2696 2067 2780 σωτῆρα
2110 2685 2238 2760 τὸν
2279 2695 2617 2778 μονογενῆ
2661 2694 2787 2760 τοῦ
2829 2695 3000 2761 θεοῦ

3045 1765 3375 1842 ἑτερόδοξοι

383 1887 754 1980 εἰρηκότες,
816 1897 1091 1980 πρῶτοι
1150 1897 1278 1962 τοῦ
1337 1897 1462 1981 τῆς
1514 1886 1840 1982 ἀληθείας
1892 1900 2155 1966 σκοποῦ
2198 1889 2893 1983 διημαρτήκασιν.οὶ
2936 1897 3007 1964 δὲ
3066 1837 3355 2028 ῗὲιξξὲἕ

274 2103 348 2155 15
383 2089 537 2162 υιὸν
579 2087 1060 2180 ἀρνησάμενοι,
1124 2098 1436 2173 ποικίλας
1479 2088 1577 2172 ὥς
1619 2093 1795 2181 ἔφην
1837 2094 2105 2175 ἑαυτοῖς
2150 2089 2423 2173 ἀνοδίας
2466 2087 2867 2178 ἐπενόησαν·
2941 2093 3005 2161 οἱ
3051 2041 3359 2164 {affige

3114 2193 3296 2231 καθἰν.

381 2785 536 2859 υἱὸν
576 2784 1044 2880 ἀρνησάμενοι.
1085 2796 1094 2877 Ι
1133 2788 1410 2863 τούτων
1451 2788 1665 2863 πάλαι
1705 2797 1830 2881 μὲν
1872 2796 2248 2876 Σαβέλλιος
2292 2795 2441 2860 νυνὶ
2486 2795 2556 2861 δὲ
2600 2786 3000 2878 Μάρκελλος
3069 2794 3229 2863 2165

381 2894 469 2975 τῇ
511 2888 748 2976 γνώμῃ
791 2896 1340 2978 συναπαχθέντες
1381 2888 1509 2960 τὸν
1549 2896 1674 2977 μὲν
1732 2895 1842 2961 ἐπὶ
1902 2889 2193 2960 πάντων
2239 2886 2409 2959 θεὸν
2454 2885 2797 2961 Ἰουδαίων
2854 2907 2999 2970 τοῖς

382 2982 696 3070 ἀπίστοις
741 2983 996 3076 ὁμοίως
1038 2992 1112 3060 εῦ
1154 2985 1333 3078 μάλα
1378 2994 1624 3061 εἰδέναι
1687 2994 2205 3079 διισχυρίζοντο,
2266 2995 2377 3059 καὶ
2445 2988 2594 3077 <τὸ>
2658 2987 2996 3076 δεύτερον,

261 3100 342 3154 25
381 3085 511 3175 τὴν
555 3083 768 3173 σάρκα
811 3085 943 3177 τὴν
985 3092 1060 3159 ἐκ
1105 3094 1226 3178 τῆς
1269 3084 1460 3179 ἀγίας
1501 3095 1876 3180 παρθένου,
1920 3086 2590 3178 συνωμολογήκασιν·
2644 3087 2726 3159 τὸ
2758 3093 2829 3160 δὲ
2860 3097 2997 3177 τρί-

381 3213 529 3269 τον,
575 3182 743 3257 αὐτὸ
788 3186 872 3258 τὸ
915 3184 1292 3275 κεφάλαιον
1337 3193 1460 3277 τῆς
1503 3184 1832 3261 ἀπάντων
1864 3185 2059 3278 ἡμῶν
2104 3196 2461 3279 σωτηρίας,
2509 3186 2634 3259 τὸν
2676 3188 2827 3260 υἱὸν
2872 3196 2998 3260 τοῦ

376 3291 551 3357 θεοῦ
589 3284 1299 3377 παραγκωνισάμενοι,
1363 3294 1516 3375 φῶς
1561 3282 1730 3359 ὄντα
1772 3294 1886 3359 καὶ
1930 3284 2289 3375 ἀλήθειαν,
2354 3283 2525 3375 ὁμοῦ
2586 3296 2670 3377 τῇ
2724 3286 2997 3377 ἀρνήσει

377 3391 507 3457 τοῦ
547 3387 700 3456 υἱοῦ
739 3392 850 3457 καὶ
893 3393 1021 3459 τοῦ
1064 3394 1187 3476 τῆς
1215 3384 1542 3475 ἀληθείας
1571 3386 1808 3474 φωτὸς
1851 3389 2385 3460 ἐκπεπτώκασιν.
2470 3388 2673 3458 ἔνθεν
2718 3387 2835 3457 ἕνα
2871 3393 2994 3474 μὲν

377 3482 550 3556 θεὸν
594 3479 1129 3574 ομολογοῦντων
1175 3484 1404 3558 αυτῶν
1448 3483 1718 3561 ἀκούσει
1759 3496 1873 3558 καὶ
1917 3487 2046 3575 τὴν
2099 3483 2313 3573 σάρκα
2374 3490 2443 3559 δὲ
2502 3492 2629 3557 τοῦ
2688 3492 2995 3574 σωτῆρος

253 3598 340 3653 30
377 3583 774 3672 τιμώντων·
844 3582 975 3656 τὸν
1019 3582 1084 3658 δ’
1129 3586 1574 3677 ἐνοικήσαντα
1617 3596 1704 3677 τῇ
1747 3594 1939 3675 σαρκὶ
2000 3592 2172 3659 θεοῦ
2231 3585 2382 3657 υἱὸν
2444 3592 2643 3715 φωνῇ
2703 3590 2825 3672 μὲν
2884 3592 2994 3655 καὶ

373 3690 664 3771 χείλεσιν
724 3691 1328 3773 παραδεχομένων,
1393 3690 1568 3777 ἔργῳ
1629 3693 1702 3758 δὲ
1759 3692 2343 3776 παραιτουμένων.
2428 3688 2581 3755 υἱὸν
2639 3684 2764 3772 γὰρ
2826 3691 2995 3757 θεοῦ

369 3787 544 3871 χρῆν
590 3793 843 3871 ζητεῖν,
887 3781 1171 3873 ἀληθῶς
1216 3794 1446 3873 ζῶντα
1485 3793 1596 3857 καὶ
1637 3784 2035 3873 υφεστῶτα,
2082 3816 2237 3857 ουτε
2283 3784 2412 3857 τὸν
2456 3780 2667 3855 αὐτὸν
2713 3775 2770 3873 ᾧ
2817 3780 2993 3856 ἀνεί-

373 3894 594 3971 ληφεν
638 3873 810 3954 ὄντα
853 3883 1135 3971 σώματι,
1184 3879 1340 3957 οὔτε
1385 3883 1511 3957 τὸν
1558 3882 1772 3959 αυτὸν
1815 3880 1988 3958 ὄντα
2034 3892 2133 3976 τῷ
2178 3892 2325 3974 θεῷ
2369 3892 2482 3955 καὶ
2524 3892 2749 3971 πατρί.
2836 3877 2993 3957 οὔτε

373 3982 501 4071 γὰρ
544 3979 672 4053 τὸν
723 3986 1032 4055 ἐπέκεινα
1094 3991 1240 4057 τῶν
1303 3978 1492 4057 όλων
1551 3984 1722 4057 θεὸν
1779 3986 1931 4057 υἱὸν
1992 4015 2077 4056 αν
2138 4013 2240 4067 τις
2306 3985 2522 4055 εἰπών
2581 3980 2993 4073 εῦσεβῆσειεν

245 4096 331 4150 35
374 4088 592 4167 (τίνος
635 4080 758 4171 γὰρ
803 4082 987 4154 ἔσται
1031 4082 1178 4167 υίὸς
1223 4114 1260 4155 ο
1308 4082 1436 4174 τὴν
1478 4114 1778 4174 αναρχον
1839 4092 1950 4155 καὶ
2012 4079 2387 4172 ἀγέννητον
2448 4080 2752 4172 θεότητα
2812 4112 2992 4172 περι-

369 4188 862 4271 βεβλημένος;),
923 4177 1084 4254 οὔτε
1150 4182 1278 4255 τὸν
1336 4190 1672 4275 μονογενῆ
1734 4192 1862 4257 τοῦ
1922 4190 2093 4256 θεοῦ
2150 4182 2304 4255 υιὸν
2366 4179 2580 4255 αὐτὸν
2632 4185 2803 4253 εἶναι
2864 4182 2991 4255 τὸν

369 4286 640 4367 πατέρα
682 4310 786 4364 τις
830 4283 1046 4354 εἰπών
1091 4281 1584 4373 <δια>δράσεται
1626 4284 1757 4372 τὴν
1799 4282 1975 4355 κατὰ
2023 4290 2170 4354 τῶν
2216 4280 2585 4373 δυσφήμων
2630 4289 2838 4373 δίκην.

545 4451 582 4505 ε
620 4451 646 4503 1
681 4450 810 4506 Kor.
845 4452 894 4519 8,
931 4454 964 4507 6
1007 4481 1074 4491 -
1131 4453 1204 4509 15
1242 4452 1353 4523 vgl.
1391 4454 1444 4508 s,
1481 4455 1563 4521 63,
1599 4456 1662 4509 31

547 4601 621 4657 16
656 4600 1018 4669 μενΚΙδΞ-ῖῖ7
1073 4605 1083 4673 Ι
1137 4604 1217 4660 28
1251 4559 1395 4661 θεὸν
1430 4604 1722 4659 fiberd.Z.
1745 4605 1819 4657 V¹
1873 4607 1881 4674 Ι
1940 4604 2019 4661 24
2054 4598 2120 4659 τό
2158 4603 2418 4672 Κ1181
2460 4602 2571 4675 γὰρ
2608 4602 2988 4659 uberd.zv¹

363 4704 372 4773 Ι
445 4703 524 4832 8123
575 4704 682 4833 χιρὴ
719 4706 836 4836 ullvi
889 4704 970 4761 84
1015 4704 1246 4779 εὐσεβὴς
1279 4700 1396 4762 εἶεν
1431 4708 1495 4770 V,
1550 4724 1686 4762 corr.
1725 4706 1829 4762 We
1882 4709 1891 4775 Ι
1942 4707 2012 4763 37
2068 4704 2426 4779 διαδράσεται
2461 4704 2533 4759 Κ1
2568 4704 2679 4775 vgl
2716 4705 2769 4760 S.
2801 4706 2885 4773 85,
2921 4707 2988 4761 23

523 4800 611 4833 use
643 4790 722 4833 ius
1477 4798 1485 4807 ‘
2527 4793 2557 4845 5

3063 3400 3096 3454 3
