3694 5582
694 482 810 546 186
1835 476 2103 533 Eusebius

692 644 852 713 ἡμῶν
885 638 1104 715 Ἰησοῦς
1139 645 1408 717 Χριστός·
1470 638 1592 699 ἀλλ’
1637 643 1670 699 ὁ
1717 639 1794 700 δι’
1829 637 2145 701 Ἐλισσαίου
2178 654 2279 702 τοῦ
2316 649 2615 717 προφήτου
2652 643 2905 711 ἀναστὰς
2939 643 3147 716 ἀνέστη
3183 646 3321 717 πρό-

689 746 884 799 τερος,
927 732 1026 785 καὶ
1060 730 1332 803 Λάζαρος
1375 728 1434 785 δὲ
1469 729 1584 797 πρὸ
1621 736 1720 796 τῆς
1757 727 1931 784 αὐτοῦ
1967 726 2334 794 ἀναστάσεως
2369 727 2601 801 ἀνέστη,
2644 732 2743 786 καὶ
2778 728 2841 786 ἐν
2886 738 2967 804 τῷ
3002 738 3184 805 καιρῷ
3220 739 3323 787 τοτ’·

691 811 917 879 πάθους
956 814 1168 871 »πολλὰ
1207 810 1448 883 σώματα
1485 820 1600 868 τῶν
1635 812 2095 883 κεκοιμημένωνα
2136 811 2467 884 ἀνέστησαν.

863 981 954 1035 Nr.
975 984 1007 1036 3
1027 983 1126 1046 (Re
1144 984 1196 1046 3)
1217 985 1338 1039 νυνὶ
1361 982 1421 1039 δὲ
1445 978 1802 1048 ἐξετάσωμεν
1825 975 1891 1035 ἓν
1923 1000 1979 1035 τι
2002 979 2177 1051 ῥητὸν
2200 987 2317 1035 τῶν
2340 978 2449 1038 ὑπὸ
2474 979 2755 1053 Ἀστερίου
2792 981 3153 1053 γραφέντων·
3214 979 3319 1053 ἔφη

625 1064 657 1115 5
695 1063 805 1135 γὰρ
843 1056 1038 1130 οὗτος·
1093 1061 1301 1133 ἄλλος
1335 1064 1457 1135 μὲν
1495 1064 1623 1136 γάρ
1661 1063 1849 1122 ἐστιν
1885 1064 1917 1120 ό
1953 1067 2205 1138 πατήρ,
2243 1065 2276 1123 ὁ
2314 1070 2653 1136 γεννήσας
2689 1063 2759 1132 ἐξ
2794 1063 3006 1123 αὑτοῦ
3040 1069 3160 1124 τὸν
3194 1087 3315 1137 μο-

619 1208 622 1211 ,
693 1157 944 1221 νογενῆ
979 1153 1193 1222 λόγον
1225 1153 1343 1205 καὶ
1378 1151 1830 1222 πρωτότοκον
1866 1148 2085 1219 πάσης
2119 1153 2423 1216 κτίσεως.
2480 1150 2783 1221 ἀμφότερα
2820 1150 3081 1221 συνάψας
3114 1152 3315 1226 γέγρα-

696 1254 801 1303 φεν
836 1242 1183 1306 μονογενῆ
1219 1238 1338 1291 καὶ
1370 1237 1849 1307 πρωτότοκον,
1896 1239 2109 1303 πολλῆς
2142 1231 2539 1305 ἐναντιότητος
2573 1234 2638 1292 ἐν
2673 1244 2794 1301 τοῖς
2831 1234 3111 1304 ὀνόμασιν
3148 1231 3317 1305 οὔσης

695 1318 939 1385 τούτοις,
995 1318 1075 1386 ὥς
1112 1317 1262 1376 ἔστιν
1308 1315 1506 1396 ῥᾴδιον
1540 1322 1639 1376 καὶ
1675 1327 1793 1385 τοῖς
1829 1321 2051 1390 σφόδρα
2086 1319 2433 1387 δυσμαθέσιν
2466 1327 2697 1391 γνῶναι.
2766 1323 2939 1389 δῆλον
2992 1320 3103 1393 γὰρ
3158 1316 3247 1376 ὃτι
3284 1321 3315 1374 ὁ

692 1407 1027 1475 μονογενής,
1066 1404 1120 1461 εί
1153 1400 1336 1471 ὄντως
1369 1407 1688 1474 μονογενὴς
1723 1402 1826 1473 εἴη,
1866 1402 2052 1459 οὐκέτι
2088 1404 2461 1473 πρωτότοκος
2494 1401 2643 1461 εἶναι
2676 1404 2925 1473 δύναται,
2962 1407 3061 1462 καὶ
3097 1403 3129 1460 ὁ
3166 1424 3313 1477 πρω-

593 1486 659 1536 10
693 1489 938 1555 τότοκος
973 1480 1008 1560 ᾗ
1048 1489 1474 1561 (πρωτότοκος)
1512 1487 1580 1543 οὗ
1615 1488 1846 1545 δύναται
1882 1490 2199 1558 μονογενὴς
2234 1482 2395 1545 εἶναι.

861 1656 954 1710 Nr.
989 1660 1022 1711 4
1061 1656 1162 1725 (Re
1194 1658 1247 1721 4)
1285 1654 1494 1711 οὐκοῦν
1529 1652 1579 1711 εί
1620 1657 2043 1729 υπρωτότοκοςι
2082 1654 2187 1724 μέν
2225 1656 2375 1712 ἐστιν
2404 1652 2660 1725 »ἁπάσης
2692 1658 2957 1722 niuem«
2998 1654 3183 1723 αὑτός,
3223 1653 3313 1713 »ἐν

693 1738 874 1811 αὖτῷκ
913 1740 974 1797 δὲ
1013 1738 1272 1809 »ἐκτίσθη
1306 1740 1379 1797 τὰ
1415 1740 1662 1806 πάνταα,
1717 1741 1993 1810 προσήκει
2038 1738 2246 1797 εἰδέναι
2291 1742 2465 1811 ἡμᾶς,
2518 1735 2608 1796 ὅτι
2642 1743 2775 1810 περὶ
2811 1747 2911 1811 τῆς
2943 1742 3091 1798 κατὰ
3128 1740 3313 1813 σάρκα

693 1822 1030 1893 οἰκονομίας
1065 1823 1238 1881 αὐτοῦ
1276 1824 1308 1880 ό
1345 1822 1672 1889 ἀπόστολος
1705 1826 1827 1879 νυνὶ
1862 1822 2159 1894 μέμνηται.
2242 1868 2250 1873 .<

862 1976 956 2029 Nr.
994 1980 1027 2032 5
1063 1975 1164 2044 (Re
1199 1976 1251 2043 ὃ)
1307 1974 1734 2045 »πρωτότοκοςα
1791 1966 1895 2030 οὖν
1944 1970 2201 2045 »ἁπάσης
2232 1977 2495 2041 κτίσεως«
2546 1977 2637 2033 διὰ
2672 1978 2775 2045 τὴν
2809 1976 2957 2033 κατὰ
2996 1974 3181 2047 σάρκα
3221 1976 3307 2047 γέ-

591 2055 656 2107 15
693 2076 848 2115 νεσιν
884 2056 1218 2129 ὠνομάσθη,
1255 2057 1324 2115 οὐ
1357 2059 1466 2116 διὰ
1501 2061 1622 2128 τὴν
1657 2057 1958 2131 πρώτην,
1998 2053 2079 2124 ὥς
2114 2057 2275 2115 αὐτοὶ
2312 2056 2547 2127 οἴονται,
2581 2061 2819 2116 κτίσιν.

861 2228 953 2281 Nr.
990 2230 1024 2282 6
1077 2229 1178 2298 (Re
1211 2230 1262 2295 6)
1319 2226 1387 2283 οὗ
1437 2228 1628 2283 τοίνυν
1673 2219 1841 2293 οὗτος
1887 2226 1920 2283 ὁ
1956 2222 2276 2297 ἁγιώτατος
2326 2227 2500 2297 λόγος
2532 2227 2647 2298 πρὸ
2682 2232 2781 2295 τῆς
2815 2224 3307 2300 ἐνανθρωπήσεως

695 2312 1094 2383 »πρωτότοκος
1128 2308 1352 2382 ἁπάσης
1385 2314 1652 2377 κτίσεως«
1692 2308 2001 2381 ὠνόμαστο
2046 2313 2189 2381 (πῶς
2223 2310 2335 2383 γὰρ
2370 2311 2611 2367 δυνατὸν
2644 2312 2747 2369 τὸν
2782 2309 2874 2369 ἀεὶ
2909 2307 3049 2368 ὄντα
3084 2310 3306 2385 πρωτό-

691 2414 866 2451 τοκον
900 2390 1052 2453 εἶναί
1082 2398 1298 2463 τινοςς),
1335 2394 1478 2453 ἀλλὰ
1514 2395 1618 2452 τὸν
1653 2404 1885 2469 πρῶτον
1924 2397 2152 2453 *καινὸν
2187 2390 2550 2465 ἄνθρωπονε,
2588 2393 2671 2461 εἷς
2704 2392 2773 2451 ὃν
2813 2395 2911 2453 »τὰ
2947 2394 3135 2451 πάντα
3170 2392 3304 2451 ἀνα·

690 2479 1230 2550 κεφαλαιὼσασθαιε
1269 2478 1552 2554 ἐβουλήθη
1591 2479 1623 2537 ό
1656 2480 1820 2546 θεός,
1856 2486 2061 2536 τοῦτον
2098 2476 2159 2535 αἱ
2190 2482 2349 2537 θεῖαι
2384 2482 2606 2552 γραφαὶ
2644 2480 3052 2550 »πρωτότοκον
3087 2478 3299 2549 πάσης«

591 2565 658 2617 20
694 2563 1075 2634 ὀνομάζουσιν
1113 2568 1429 2631 »nio-ewen

853 2733 946 2787 Nr.
987 2737 1014 2787 7
1054 2732 1154 2802 (Re
1189 2733 1240 2802 7)
1276 2729 1504 2800 ἀκούεις
1540 2729 1700 2798 ὅπως
1735 2729 1804 2787 οὔ
1835 2730 2021 2801 μόνον
2054 2738 2255 2796 ταῦτα,
2302 2727 2445 2787 ἀλλὰ
2482 2735 2581 2788 καὶ
2622 2730 2694 2788 τὰ
2732 2730 3179 2806 προϋπάρχοντα
3220 2727 3309 2787 »ἓν

687 2835 747 2872 τε
785 2814 1055 2888 οὐρανοῖς
1087 2818 1188 2872 καὶ
1239 2814 1333 2873 ἐπὶ
1379 2824 1482 2886 τῆς
1526 2823 1630 2888 γῆς
1664 2814 1724 2874 ἐν
1761 2815 1943 2887 αὐτῷε
1992 2814 2139 2873 κατὰ
2184 2818 2287 2885 τὴν
2321 2819 2523 2886 καινὴν
2556 2819 2738 2873 κτίσιν
2794 2814 3112 2874 »galeam«
3171 2834 3303 2884 συμ-

684 2901 885 2972 βαίνει.

851 3069 945 3123 Nr.
981 3071 1016 3124 8
1054 3071 1156 3136 (Re
1188 3068 1244 3136 8)
1297 3068 1397 3124 καὶ
1438 3069 1516 3136 μὴ
1561 3077 1731 3125 τοῦτο
1777 3066 2067 3126 ἀπίθανον
2102 3063 2249 3126 εἶναι
2292 3067 2569 3139 νομιζέτω
2608 3061 2895 3139 Ἀστέριος,
2931 3067 2986 3124 εί
3016 3065 3301 3137 νεώτερον

579 3153 646 3206 25
683 3149 750 3208 ὂν
789 3151 964 3209 αὐτοῦ
1009 3151 1130 3222 (τὸ>
1178 3158 1344 3221 σῶμα
1379 3152 1660 3222 τοσαύτης
1701 3160 1891 3224 τυχεῖν
1934 3150 2317 3226 ἀρχαιότητος
2360 3149 2627 3222 ἐδυνήθη·
2690 3145 2818 3208 ἀλλ’
2866 3149 3159 3220 ἐννοείτω,
3212 3148 3303 3209 ὅτι

681 3236 786 3304 (εἰ)
821 3240 922 3293 καὶ
953 3237 1199 3307 μάλιστα
1235 3240 1335 3306 τὴν
1372 3234 1743 3310 ἀνθρωπίνην
1779 3236 1965 3312 σάρκα
1990 3237 2275 3310 νεωτέραν
2310 3231 2458 3293 εἶναι
2483 3237 2794 3310 συμβαίνει,
2832 3230 2991 3304 ὅμως
3025 3234 3058 3293 ὁ
3092 3236 3299 3307 ταύτην

680 3317 990 3394 ἀναλαβεῖν
1024 3315 1094 3377 δι’
1129 3317 1306 3392 ἁγνῆς
1341 3319 1597 3388 ἀξιώσας
1628 3323 1924 3392 παρθένου
1958 3322 2154 3393 λόγος,
2188 3321 2363 3391 ταύτῃ
2398 3321 2466 3378 τὸ
2504 3318 2709 3378 ἑαυτοῦ
2743 3316 2979 3387 ἑνώσας,
3016 3318 3087 3377 οὔ
3116 3321 3300 3390 μόνον

681 3406 1084 3476 »πρωτότοκον
1134 3403 1318 3476 πάσης
1352 3407 1617 3472 κτίσεως·
1677 3406 1781 3463 τὸν
1835 3406 1897 3464 ἐν
1941 3403 2123 3480 ἑαυτῷ
2177 3403 2495 3476 ἄνθρωπον
2539 3403 2842 3463 κτισθέντα
2888 3401 3298 3480 ἀπειργάσατο,

679 3486 820 3544 ἀλλὰ
856 3491 956 3545 καὶ
991 3486 1175 3560 ἀρχὴν
1209 3486 1481 3547 ἁπάντων
1529 3488 1702 3546 αὐτὸν
1739 3486 1888 3547 εἶναι
1920 3491 2215 3564 βούλεται,
2264 3488 2335 3547 οὐ
2368 3498 2483 3547 τῶν
2519 3487 2613 3547 ἐπὶ
2646 3496 2751 3562 γῆς
2784 3489 2983 3558 μόνον,
3020 3488 3164 3547 ἀλλὰ
3198 3493 3297 3546 καὶ

573 3569 642 3622 30
675 3580 790 3628 τῶν
825 3571 888 3629 ἐν
923 3571 1208 3646 οὐρανοῖς.

842 3725 934 3778 Nr.
969 3727 1004 3781 9
1041 3725 1140 3794 (Re
1175 3727 1226 3792 9)
1261 3724 1328 3780 τὸ
1365 3727 1555 3781 τοίνυν
1590 3723 1909 3795 κεφάλαιον
1954 3728 2114 3781 τουτὶ
2150 3732 2250 3794 τῆς
2285 3726 2615 3796 Παροιμίας
2659 3723 2730 3781 οὐ
2772 3726 2892 3794 τὴν
2930 3722 3145 3795 ἀρχὴν
3178 3732 3295 3794 τῆς

672 3807 1032 3876 θεότητος,
1069 3802 1266 3880 ὥσπερ
1304 3808 1467 3866 αὐτοὶ
1501 3812 1847 3880 νομίζουσιν,
1894 3817 1999 3866 τοῦ
2034 3814 2289 3882 σωτῆρος
2333 3809 2497 3878 ἡμῶν
2542 3816 2905 3883 παραστῆσαι
2938 3810 3293 3882 βουλόμενον

844 3976 1067 4032 4-10
1118 3978 1202 4042 19,
1238 3977 1480 4045 30—20,
1526 3978 1558 4029 7
1602 4007 1668 4015 -——
1721 3978 1966 4032 11—13
2016 3979 2116 4041 45,
2156 3979 2363 4031 11-13
2411 4008 2478 4017 —
2530 3977 2785 4033 14-——16
2834 3979 2931 4042 45,
2970 3978 3175 4030 15—-16
3224 4007 3292 4016 —-

672 4042 1456 4178 ἒρἶέ7924ἰὲῖδᾶΞ-2ῗθ-
1510 4046 1765 4103 21-23
1797 4046 1887 4112 45,
1921 4046 2143 4098 25—27
2187 4073 2253 4083 —-
2305 4046 2587 4101 24—30
2620 4045 2964 4115 44‚18-25
3015 4075 3082 4084 -
3133 4046 3291 4102 31—-

841 4247 872 4300 1
913 4247 964 4298 11
983 4247 1121 4300 Κδιι.
1140 4250 1190 4310 4,
1211 4249 1360 4301 35-
1383 4249 1418 4301 2
1457 4247 1851 4315 Joh.11,44—-
1874 4249 1971 4304 5ss
2002 4249 2112 4317 vgl.
2134 4248 2185 4302 S.
2205 4248 2324 4312 205,
2352 4247 2475 4302 27ff
2504 4277 2571 4287 -
2608 4249 2643 4303 ὅ
2673 4248 2795 4304 Joh.
2818 4251 2863 4316 1,
2895 4249 2960 4303 18
2994 4276 3061 4286 --
3097 4247 3135 4305 6
3161 4246 3285 4301 Kol.

670 4315 696 4364 1
744 4315 809 4365 15
844 4343 910 4350 —
950 4314 1067 4369 111³
1100 4313 1221 4369 Kol.
1249 4317 1296 4378 1,
1323 4317 1496 4370 1516
1531 4345 1598 4354 -
1638 4317 1714 4371 14
1752 4315 1947 4375 Rom,
1976 4318 2040 4370 15
2074 4345 2141 4354 -
2180 4317 2252 4372 17
2294 4316 2503 4382 K01.1,
2542 4319 2605 4372 15
2641 4347 2707 4354 —
2746 4316 2822 4372 18
2860 4315 2998 4386 Eph.
3034 4317 3083 4381 2,
3121 4317 3185 4369 15
3220 4345 3287 4354 -

667 4353 805 4448 ziph.
844 4384 890 4445 1,
927 4383 994 4435 10
1028 4413 1095 4420 —
1135 4384 1210 4437 ιθ
1251 4382 1375 4436 Κοι.
1411 4388 1458 4448 1,
1497 4385 1560 4436 15
1596 4413 1662 4422 -
1699 4382 1821 4439 211
1853 4383 1976 4437 Kol.
2014 4387 2061 4450 1,
2100 4385 2164 4438 16
2199 4412 2266 4423 --
2302 4385 2382 4440 28
2418 4383 2543 4438 Kol.
2581 4388 2627 4452 1,
2666 4387 2731 4438 15

839 4516 874 4568 8
927 4535 1126 4584 κεκοιμ
1167 4513 1376 4586 μένων]
1414 4524 1477 4580 -Ι-
1515 4513 1736 4588 ἁγίωνῖ
1785 4519 1794 4584 Ι
1850 4519 1885 4573 5
1922 4515 2099 4572 αὐτοῦ
2136 4516 2234 4582 V*,
2272 4535 2408 4573 corr.
2445 4518 2523 4571 V²
2578 4521 2586 4587 Ι
2636 4520 2715 4575 10
2751 4506 2785 4588 ἦ
2820 4518 3191 4589 πρωτότοκος
3208 4517 3287 4571 V?-

667 4601 715 4636 a..
753 4582 814 4635 R.
854 4581 886 4650 ἢ
924 4583 1003 4636 V*
1068 4587 1075 4652 Ι
1185 4585 1220 4640 5
1273 4585 1340 4640 τὸ
1387 4591 1554 4654 σῶμα
1589 4583 1867 4652 τοσαύτης
1902 4585 1975 4638 Kl
2028 4584 2162 4653 (vgl.
2198 4585 2292 4640 Mo
2326 4587 2407 4642 Ro
2442 4587 2615 4653 Zahn)
2654 4583 2921 4654 σώματος
2956 4583 3129 4654 αὐτῆς
3162 4585 3211 4637 V
3272 4585 3281 4652 Ι

667 4649 789 4705 25ῐ
819 4645 909 4705 ὅτι
943 4648 998 4706 εἰ
1027 4653 1126 4707 καὶ
1161 4670 1190 4704 r
1223 4653 1320 4707 καὶ
1357 4645 1444 4708 ὅτι
1482 4652 1530 4707 V
1595 4655 1604 4721 Ι
1670 4655 1748 4710 28
1785 4649 2177 4723 ἀπειργάσατο
2213 4664 2279 4712 <
2316 4671 2342 4707 r
2404 4657 2413 4723 Ι
2480 4656 2558 4710 29
2592 4652 2790 4722 μόνων
2826 4655 2875 4706 V
